3054 5046
580 574 741 637 ,63-

137 707 264 787 byllinc‚
283 709 399 769 includi
416 709 507 789 jussit
525 710 604 772 clem
618 710 752 771 ablatum
775 708 860 771 urbis
877 707 982 770 Romae
1006 709 1171 789 palladium

139 825 209 866 cum
230 808 375 886 plurimis
391 807 457 868 aliis
481 807 656 888 pignoribus
669 807 806 888 imperii,
832 825 900 886 quae
915 807 1015 868 omnia
1027 809 1172 887 quamdiu

139 903 234 965 altera
257 906 358 967 Roma
381 911 523 983 servaret,
544 905 638 966 illaesa
656 911 686 966 et
699 905 858 966 incolumis
878 910 1012 967 maneret
1028 904 1084 988 (1).
1101 907 1174 967 Haec

139 1001 203 1062 sine
219 1003 315 1064 dubio
333 995 808 1086 311414ὲλληνίζοντοςΧριστιανισμοῡ,
829 1010 862 1064 ui
875 1004 1010 1066 Socrates
1028 1004 1173 1084 loquitur,
1240 1008 1252 1016 ’

139 1098 250 1162 indicia
266 1101 325 1182 (2).

180 1197 297 1259 Nescio
313 1219 358 1259 ou
370 1200 466 1278 focile
480 1201 521 1260 sit
535 1201 602 1260 hoec
617 1201 729 1260 omnio
743 1205 894 1261 excusata
907 1201 1021 1260 habere
1036 1219 1108 1278 quoe
1114 1219 1175 1278 pa·

142 1317 244 1376 qorros
262 1319 375 1360 sensus
395 1300 536 1361 redolere
549 1302 711 1361 videretur.
733 1300 808 1372 Quis
821 1301 861 1360 ita
874 1300 1033 1380 loquitur?
1056 1301 1173 1363 Doctis·
1227 1313 1230 1318 ’

144 1397 242 1459 simus
256 1399 325 1479 ipse
339 1400 549 1461 Tillemontius
562 1399 618 1482 (3).
633 1400 697 1460 Nec
706 1420 761 1479 ego
768 1400 864 1462 aliter.
879 1401 917 1460 Et
927 1400 952 1460 si
962 1401 1178 1481 suspectiorem

144 1514 210 1557 csse
233 1497 365 1558 istorum
387 1497 569 1577 scriptorum
583 1497 788 1558 auctoritatem
803 1498 982 1572 contendas3
1003 1517 1064 1558 non
1076 1502 1178 1582 tamen

144 1593 230 1655 video
246 1596 326 1674 quid
345 1599 449 1656 contra'
464 1595 530 1656 haec
551 1601 581 1656 ct
600 1595 670 1656 iulia
686 1595 855 1655 testimonia
868 1595 970 1655 afferri
982 1594 1089 1674 possit,
1104 1593 1177 1670 nisi,

146 1710 180 1752 ea
194 1712 266 1772 quae
277 1699 452 1771 narrantur,
465 1693 634 1772 quoniame
647 1693 808 1754 christiano
817 1692 939 1753 homine
949 1711 1073 1772 prorsus
1083 1691 1180 1753 aliena

146 1794 235 1867 sunt,
252 1792 295 1852 ad
309 1791 537 1852 Constantinum
551 1790 700 1871 pertinere
715 1811 775 1851 non
786 1809 883 1870 posse.
896 1789 977 1851 Talis
988 1809 1093 1851 rerum
1103 1789 1181 1850 oesti-

146 1887 238 1948 matio
252 1908 296 1949 an
305 1889 388 1967 justa
402 1894 432 1949 et
445 1894 525 1960 recta
535 1888 583 1967 sit,
599 1888 676 1949 alius
689 1889 813 1968 judicet.
927 1882 933 1888 “

186 1985 281 2057 Quod
301 1988 402 2066 sijum
419 1987 521 2047 titulos
540 2001 742 2067 nummosque
761 1994 901 2050 excutere
915 1987 1112 2065 voluerimuS‚
1129 1987 1182 2067 qui

148 2082 185 2144 ad
200 2085 435 2152 Constantinum
448 2085 598 2164 preminent
614 2105 620 2146 z
637 2105 675 2146 ex
692 2086 810 2148 duobus
826 2086 920 2146 titulis
938 2086 1104 2146 certissime
1125 2105 1180 2166 ap·

150 2184 447 2261 parercvidebimuS,
458 2189 492 2243 ui
502 2190 570 2244 ante
581 2184 734 2244 sublatum
744 2184 905 2262 Licinium,
916 2185 958 2246 ita
968 2190 1035 2265 post
1045 2185 1183 2264 ejusdcm

152 2287 299 2360 mortem,
312 2281 540 2342 Constantinum
549 2282 702 2366 Pontificis
712 2281 834 2344 Maximi
843 2283 966 2344 nominc
976 2302 1067 2343 usum
1078 2282 1181 2344 fuisse.

191 2379 282 2442 Unus
298 2381 330 2442 in
343 2380 494 2442 Ticinensi
507 2399 659 2444 marmore
672 2380 721 2442 hic
735 2387 780 2442 cst
796 2400 802 2441 ε

534 2594 566 2636 n.
583 2593 614 2636 u.
631 2591 697 2636 mr.
714 2585 800 2638 cess

452 2692 501 2736 su.
521 2689 740 2736 cousmmmo.
758 2689 889 2734 ummo.

557 2787 691 2832 vmrom.
711 2787 782 2831 irc.

387 2885 492 2930 pour.
519 2884 601 2930 uix.
629 2884 723 2928 rum.
752 2884 828 2928 por.
858 2883 961 2927 xxiii.

590 2987 657 3030 mr.
681 2985 757 3030 xxu.

450 3087 537 3134 cous.
560 3087 616 3131 vu.
640 3085 833 3132 Pnocousvm
848 3067 903 3150 (4).

200 3257 285 3319 Alter
294 3255 376 3336 apud
385 3254 535 3317 Orellium
549 3254 660 3334 legitur
676 3254 701 3333 ej
706 3253 813 3315 usdcm
826 3254 897 3316 anni
910 3254 979 3316 328.

532 3409 564 3451 n.
588 3407 619 3450 u.
645 3406 711 3449 mr.
735 3405 820 3452 cmm.

465 3523 467 3527 ,
507 3505 559 3548 rc.
591 3488 849 3550 cousmurmo.

481 3601 511 3643 p,
539 3601 569 3644 r.
599 3600 757 3646 merom.
787 3600 867 3644 Avo.
903 3595 906 3601 ·

581 3699 671 3742 pour.
694 3698 769 3743 mm

541 3797 624 3839 rum.
642 3790 815 3840 rorsxxm.

199 3974 234 4042 (1)
251 3977 382 4039 Lissum,
396 3989 440 4040 op.
450 3976 506 4038 cit„
521 3990 549 4040 p.
561 3976 604 4038 47,
619 3977 663 4026 48.

133 4121 135 4124 .
198 4077 233 4144 (i)
251 4068 367 4144 Παρεφὺη
381 4069 430 4142 γὰρ
441 4068 526 4142 μικρὸν
541 4063 676 4142 ἔμπροσθεν
690 4071 739 4119 τῶν
753 4067 941 4122 Κωνσταντίνου
951 4064 1048 4140 χρόνων
1060 4072 1096 4139 τῷ
1109 4065 1195 4126 ἀληθεῖ

167 4172 354 4243 Χριστιανισμῷ
370 4163 497 4228 ἑλληνίζων
513 4160 718 4238 Χριστιανισμός.
733 4169 866 4238 (socan,
881 4173 902 4237 Ι,
916 4172 959 4236 22,
973 4188 997 4238 p,
1014 4170 1068 4238 δᾶ)

202 4263 236 4326 (5)
252 4259 512 4322 Tumu.,11ur.der
525 4259 646 4320 smper„
657 4256 698 4319 lv,
710 4256 769 4318 652,
787 4257 846 4308 655.

203 4343 239 4411 (4)
256 4345 372 4408 Eccum,
387 4342 519 4395 Doctrina
528 4341 646 4392 veroum
661 4351 846 4401 nummorum,
859 4346 879 4391 ι.
894 4339 958 4403 vlil,
973 4353 999 4403 p.
1013 4339 1056 4391 76.
