3054 5046
776 521 936 616 7¹⁸-

343 655 477 718 Deorum
494 655 563 736 pius
576 661 737 718 assectator
750 663 825 735 erat,
843 676 900 719 nec
919 657 1088 720 christianae
1105 657 1247 719 doctrine
1264 677 1367 720 assen-

341 754 482 831 tiebatur,
497 754 551 815 sed
567 755 699 823 mediam
712 754 876 835 quamdam
892 775 910 817 a
928 756 1114 836 philosophia
1130 757 1229 836 potius
1246 775 1368 836 quama

339 852 484 930 religione
505 853 626 914 ductam
653 853 824 933 opinionem
842 854 1050 933 profitebatur,
1069 855 1150 914 unde
1171 856 1368 916 mansuetudo

340 950 373 1010 in
386 951 523 1012 homines
540 956 570 1012 et
582 951 719 1011 omniurn
737 952 774 1012 de
791 952 853 1013 Deo
871 951 1045 1031 opinionum
1059 953 1226 1014 reverentia
1238 959 1290 1013 aut
1300 973 1368 1014 con·

340 1055 473 1130 temptus
495 1050 580 1130 sequi
601 1055 731 1129 possent.
752 1051 847 1129 Cujus
865 1050 988 1129 quidem
1010 1049 1150 1110 doctn'nae
1165 1069 1285 1111 summa
1299 1071 1369 1113 sane

340 1152 416 1224 erat,
438 1166 536 1207 unum
557 1147 656 1207 Deum
678 1167 783 1208 rerum
804 1148 941 1208 omnium
958 1153 1114 1226 parentem
1134 1153 1164 1208 et
1185 1149 1369 1210 conditorem

340 1264 512 1324 agnoscere.
530 1245 608 1304 Hinc
627 1247 728 1306 forsan
742 1245 799 1325 ipsi
812 1265 873 1305 non
886 1245 960 1306 adeo
970 1244 1094 1305 difficile
1107 1250 1171 1306 erat
1183 1245 1221 1306 ad
1231 1246 1369 1307 christia·

339 1362 411 1404 nam
422 1342 587 1404 doctrinam
597 1342 765 1419 transferri,
778 1341 831 1402 sed
844 1361 934 1402 nemo
950 1341 1049 1402 dicere
1059 1347 1155 1421 potest
1171 1341 1220 1403 hic
1234 1343 1369 1404 christia-

340 1461 412 1502 nam
433 1460 499 1502 esse
524 1441 690 1501 doctrinam
712 1440 764 1500 ubi
789 1441 871 1501 Deus
894 1460 975 1501 unus
998 1441 1186 1519 agnoscitur,
1216 1441 1370 1502 nisiinter

339 1539 516 1601 christianos
532 1539 684 1600 Socratem
701 1544 730 1600 et
745 1539 902 1601 Platonem
923 1544 953 1600 et
970 1539 1044 1600 alios
1057 1558 1220 1602 numerare
1236 1558 1297 1601 non
1313 1539 1368 1601 ab·

339 1639 450 1699 nuerit.
852 1657 854 1662 ·
1293 1706 1296 1712 ¹

377 1737 445 1797 Non
454 1736 572 1798 videtur
581 1742 683 1797 autem
696 1735 919 1813 Constantinus,
937 1755 1008 1796 cum
1025 1736 1169 1797 adversus
1184 1734 1370 1796 Maxentium

338 1835 513 1914 procederet
526 1834 577 1895 alii
595 1853 688 1914 quam
702 1835 823 1894 incertae
845 1840 875 1893 et
897 1832 1054 1894 fluctuanti
1067 1833 1160 1913 patris
1176 1833 1307 1912 opinioni
1320 1833 1370 1892 ad-

337 1930 471 1991 haesisse.
487 1932 526 1990 Et
536 1931 672 2010 quamvis
685 1930 836 1992 Eusebius
849 1931 946 1992 tradat
962 1949 1045 2014 eum,
1066 1930 1186 1992 adscitis
1203 1929 1370 1990 christianis

339 2029 521 2107 doctoribus,
533 2035 600 2090 tum
610 2049 693 2090 novae
708 2030 850 2090 doe-trinae
860 2049 968 2091 arcana
982 2029 1120 2090 didicisse
1128 2027 1185 2110 (t),
1194 2048 1256 2089 non
1262 2028 1367 2089 verisi-

338 2131 410 2190 mile
424 2136 469 2192 est
484 2150 554 2191 eum
568 2131 647 2192 inter
667 2131 791 2191 bellicos
811 2136 972 2210 apparatus
991 2136 1020 2191 et
1037 2130 1180 2210 strepitus
1201 2135 1369 2190 castrorum

339 2230 476 2290 animum
488 2230 527 2290 ad
539 2229 609 2290 talia
621 2229 789 2309 applicandi
803 2235 923 2309 tempus
938 2228 1115 2308 sumpsisse.
1132 2229 1176 2289 De
1190 2229 1289 2289 crucis
1298 2229 1367 2289 elti-

337 2329 385 2407 gie
395 2329 428 2388 in
440 2348 509 2390 aere
520 2329 577 2388 sub
586 2347 748 2408 vesperum
761 2328 834 2406 visa,
851 2329 926 2388 nihil
940 2328 1036 2389 habeo
1051 2328 1133 2408 quod
1141 2347 1239 2407 agam.
1252 2322 1370 2388 Talium

338 2426 422 2487 enim
434 2446 539 2487 rerum
554 2445 615 2486 non
628 2426 723 2485 facilis
733 2431 778 2486 est
791 2445 928 2486 censura.
941 2427 977 2498 Id
991 2431 1071 2486 certe
1085 2445 1139 2505 pro
1150 2429 1303 2504 comperto
1313 2429 1368 2502 est,

338 2528 368 2584 et
381 2524 438 2584 sub
448 2530 564 2585 mentes
574 2525 723 2584 humanas
733 2524 820 2603 plane
830 2523 919 2600 cadit,
932 2523 1172 2600 Constantinum,
1185 2540 1371 2601 quamquam

339 2621 551 2702 specietenus
567 2642 646 2683 anno
657 2622 727 2699 308,
743 2622 886 2702 Apollini,
902 2626 969 2700 post
979 2640 1083 2700 pacem
1097 2619 1282 2701 Reipublicae
1299 2621 1369 2680 red·

339 2723 444 2799 ditem,
460 2721 634 2783 solemniter
646 2721 791 2797 litaverat,
811 2720 928 2780 dudum
942 2721 1046 2798 etjam
1060 2719 1130 2779 inde
1145 2719 1182 2779 ab
1196 2719 1369 2779 adolescen-

336 2821 389 2898 tia,
400 2826 435 2881 ut
446 2819 614 2900 puerilibus
625 2818 726 2896 nugiS,
740 2823 877 2878 veterum
891 2817 1001 2879 fabulis
1018 2817 1192 2878 valedixisse
1206 2815 1263 2898 (2);
1280 2835 1369 2877 eum·

316 2979 317 2984 ,
340 2918 410 2978 dem
427 2937 488 2978 non
512 2922 579 2977 ante
599 2917 636 2976 de
657 2915 719 2974 Deo
735 2921 816 2974 certa
832 2916 932 2994 aliqua
946 2914 1085 2993 opinione
1109 2913 1263 2979 imbutum
1281 2931 1373 2993 quarn

339 3021 443 3076 contra
452 3013 638 3074 Maxentium
648 3013 732 3090 signa
741 3019 888 3088 moveret;
904 3018 970 3072 tum
980 3012 1017 3072 ad
1027 3013 1059 3072 id
1068 3011 1222 3072 induxisse
1235 3011 1373 3072 animum

341 3113 423 3193 quod
436 3111 715 3172 commodissimum
725 3110 889 3197 videretur,
904 3111 1017 3172 scilicet
1026 3110 1146 3190 aequali,
1162 3115 1196 3170 ut
1208 3109 1248 3170 ita
1262 3110 1370 3187 dicam,

340 3211 419 3272 libra
431 3215 575 3289 utrasque
592 3214 691 3291 partes
706 3228 842 3287 versare,
862 3216 892 3271 et
906 3229 956 3271 eas
974 3209 1165 3288 potissimum
1181 3207 1322 3288 amplecti
1336 3208 1372 3268 de

342 3309 403 3370 Deo
414 3308 568 3389 opiniones
582 3308 693 3388 quibus
703 3308 830 3369 lacerata
840 3307 1022 3388 Respublica
1036 3327 1054 3369 a
1068 3307 1223 3368 discordiis
1238 3305 1372 3367 civilibus

341 3408 532 3488 requiescere
548 3411 659 3487 posset.
678 3404 745 3466 lam
760 3405 941 3485 instigabant
957 3425 1040 3484 eum,
1056 3404 1261 3467 utverisimile
1272 3409 1328 3482 est,
1344 3409 1373 3465 et

342 3526 503 3568 accensum
512 3511 599 3567 antea
611 3506 644 3564 in
657 3505 812 3566 Galerium
822 3505 925 3565 odium
937 3505 1000 3584 qui,
1013 3504 1071 3584 ipsi
1085 3504 1232 3565 Severum
1242 3508 1272 3563 et
1281 3501 1373 3562 Maxi·

342 3605 473 3682 minum,
490 3605 523 3664 in
537 3604 692 3666 Caesarum
707 3602 850 3664 electione
864 3603 1048 3690 praetulerat,
1065 3602 1221 3674 Quomodo
1235 3602 1373 3662 eamdem

342 3724 436 3784 quam
451 3703 589 3765 Galerius
606 3703 688 3780 olim,
708 3721 800 3781 quam
814 3702 913 3762 adhuc
925 3701 1119 3778 Maximinus
1141 3719 1217 3779 quos
1227 3700 1372 3761 acerrime

342 3804 456 3880 oderat,
470 3803 549 3864 viam
563 3801 722 3863 subiisset?
736 3801 920 3879 Instigabant
929 3800 1018 3860 etiam
1029 3805 1152 3880 paterna
1161 3800 1311 3878 exempla,
1324 3798 1373 3858 de·

341 3902 434 3981 nique
444 3901 537 3962 civilis
547 3899 717 3981 prudentia,
733 3899 782 3959 cui
796 3904 876 3959 certe
888 3903 977 3959 terrae
992 3898 1097 3959 orbem
1114 3904 1235 3978 propter
1249 3895 1369 3976 religio·

311 4016 313 4019 ’
340 4019 395 4063 nes
410 3999 558 4062 discordia
570 3998 691 4059 misceri
701 4002 730 4058 et
740 3997 911 4078 perturbari
921 3997 1140 4060 alienissimum
1156 4003 1230 4061 erat.

375 4198 410 4266 (t)
428 4199 533 4262 Euesa,
549 4201 600 4249 vu.
616 4200 717 4256 const„
732 4208 751 4258 1,
766 4196 809 4247 tt.

375 4285 409 4350 (a)
427 4284 534 4348 lausus,
551 4285 604 4339 Vtt.
620 4286 722 4343 const,
738 4281 784 4333 lib.
799 4293 828 4346 u,
843 4294 898 4346 cap.
915 4281 958 4333 50.
