3054 5046
494 541 496 544 ,
595 497 749 583 -n-

155 632 362 712 adscripseris
372 620 530 712 Repugnat
538 632 620 692 enim
630 632 668 693 ad
677 632 798 711 aliquod
808 633 994 711 propositum
1008 631 1114 712 pietate
1123 652 1187 695 mo-

154 731 230 810 veri,
245 737 275 793 et
287 731 380 810 idem,
396 736 462 811 post
474 737 607 793 exactam
622 732 695 793 adeo
710 732 871 792 utilitatum
884 737 914 792 et
922 731 1187 793 incommodorum

156 829 385 890 aestimationem
399 829 566 909 complecti.
583 827 642 900 Qui
656 829 763 908 pietate
775 829 883 890 ductus
899 829 969 907 agit,
983 831 1142 890 ex'aliectu
1159 836 1189 891 et

155 945 193 988 ex
207 927 309 987 animo
322 928 392 1006 agit,
408 946 464 988 nec
473 946 578 988 rerum
585 927 664 988 vices
677 927 801 989 attendit
813 927 990 1008 praeteritas,
1000 947 1055 988 nec
1064 934 1189 989 eventus

156 1024 292 1100 futuros,
308 1042 364 1085 nec
380 1023 504 1104 quidex
522 1026 671 1105 proposito
690 1030 844 1104 sequatur,
860 1024 934 1104 quid
952 1044 1022 1104 spes
1039 1025 1186 1104 implere,

155 1121 230 1200 quid
245 1121 349 1183 fallere
365 1121 457 1201 possit
474 1129 620 1184 curatam
634 1122 768 1200 diligenti
782 1127 943 1201 computat.
955 1123 1024 1184 Non
1038 1124 1119 1202 quod
1133 1143 1189 1184 cae·
1252 1153 1255 1162 =

155 1237 223 1279 cam
238 1219 360 1280 omnino
374 1224 404 1280 et
413 1220 605 1281 temerariam
616 1223 645 1279 et
659 1219 707 1278 sui
721 1219 853 1280 nesciam
865 1219 1006 1299 pietatem
1016 1239 1071 1299 per
1081 1240 1112 1282 se
1123 1239 1189 1283 esse

153 1316 301 1396 judicem,
320 1319 384 1396 sed,
399 1317 512 1380 iterum
524 1318 601 1394 dico,
617 1317 692 1378 ratio
706 1317 851 1378 nonnulla
867 1323 923 1395 est,
940 1337 995 1378 cur
1009 1318 1046 1379 de
1059 1319 1110 1380 illa
1124 1320 1189 1399 pie·
1262 1345 1264 1349 ’

155 1419 214 1477 tate
230 1416 351 1478 dubites
364 1436 432 1496 quae
446 1416 608 1479 ambitione
621 1415 770 1494 obtegitur
779 1434 909 1496 quaeque
924 1435 996 1476 cum
1013 1417 1190 1480 utilitatibus

155 1517 218 1574 tam
228 1520 297 1594 apte
311 1516 463 1594 congruit3
481 1533 687 1594 necunquam
701 1533 773 1575 eum
786 1533 856 1575 vere
871 1514 956 1594 pium
967 1533 1033 1576 esse
1047 1515 1187 1592 dixerim,

155 1611 220 1690 qui,
236 1617 381 1692 tanquam
395 1613 427 1673 in
441 1612 518 1674 civili
533 1613 612 1673 bello
626 1619 726 1693 partes
740 1612 891 1690 adversae,
907 1613 1047 1691 viresque
1057 1613 1189 1692 partium

156 1714 332 1788 componat,
351 1711 498 1790 praesenti
509 1710 609 1771 animo
631 1729 736 1770 secum
753 1710 898 1770 deliberat
911 1729 1004 1788 quem
1019 1709 1076 1769 sibi
1090 1710 1190 1771 Deum

32 1811 36 1818 '
155 1813 320 1888 patronum
334 1809 430 1886 faciat,
446 1809 505 1885 vel,
518 1813 551 1868 ut
563 1809 664 1869 verius
680 1809 788 1886 dicam,
798 1809 885 1887 cujus
898 1807 954 1868 Dei
970 1813 1113 1887 patronus
1126 1807 1191 1888 ipse
1228 1861 1229 1864 ,
1266 1866 1269 1878 ,

157 1904 220 1965 fiat.
236 1905 306 1965 Non
319 1905 411 1983 igitur
431 1905 548 1985 pietatis
566 1905 620 1965 sed
640 1904 733 1966 civilis
754 1905 945 1984 providentiae
966 1905 1108 1966 instinctu
1125 1923 1191 1967 sese

157 2001 251 2080 gessit
265 2002 489 2079 Constantinus,
505 2021 576 2062 cnm
592 2001 823 2064 christianarum
840 2003 981 2082 partium,
1002 2003 1114 2082 quibus
1130 2003 1191 2064 uti-

154 2099 272 2162 lissime
290 2108 374 2181 pater
390 2103 515 2179 faverat,
533 2121 669 2182 quasque
693 2122 752 2163 non
775 2102 839 2162 sine
852 2122 962 2180 magno
979 2103 1027 2163 sui
1044 2104 1191 2182 regnique

156 2196 354 2277 detrimento,
373 2200 543 2280 opprimere
561 2205 725 2270 tentaverat
739 2200 891 2278 GaleriuS,
909 2201 1035 2261 tutelam
1051 2201 1192 2280 amplecti

69 2341 73 2350 .
156 2295 299 2358 decrevit.
320 2297 369 2358 Sic
389 2298 619 2359 christianarum
639 2316 745 2358 rerum
761 2297 920 2358 arbitrium
940 2298 1190 2378 consequebatur,

156 2400 184 2455 et
201 2395 319 2474 reliqua
338 2395 558 2458 infortitudine
573 2395 793 2457 etinmilitum
806 2415 899 2457 manu
917 2395 1026 2476 posita,
1048 2415 1102 2477 pro
1120 2415 1190 2476 pos-

157 2493 252 2555 sessis
266 2498 361 2554 erant.
631 2550 638 2560 ,
1109 2569 1113 2576 g

197 2590 254 2667 Ita,
266 2589 319 2669 qni
330 2589 432 2669 paucis
445 2594 514 2650 ante
523 2591 610 2650 annis
621 2587 706 2672 (308)
717 2589 940 2668 Constantinus,
953 2595 1019 2671 post
1028 2589 1191 2654 debellatos

155 2686 303 2763 Francos,
319 2685 438 2746 Summi
447 2685 601 2746 Pontificis
612 2686 716 2746 munia
726 2691 886 2746 exsecutus
900 2692 974 2764 erat,
983 2691 1012 2747 et
1021 2686 1191 2766 Apollinem

156 2785 258 2846 Deum
277 2784 418 2864 precibus
437 2789 468 2844 et
481 2784 597 2861 hostiiS,
616 2785 708 2845 veteri
722 2803 821 2861 more,
844 2785 984 2845 affecerat
1005 2783 1061 2867 (2);
1077 2785 1190 2864 quique

156 2903 236 2947 anno
251 2883 387 2963 proxime
402 2884 503 2962 elapso
516 2881 602 2964 (311)
619 2882 651 2943 in
665 2883 753 2944 edicti
769 2883 919 2944 Galeriani
935 2884 1032 2961 titulo,
1052 2883 1189 2963 superio·

156 2999 228 3042 rum
239 2987 320 3042 retro
334 2980 506 3060 principum
521 2981 660 3060 exemplo
669 2979 965 3057 PontificisMaximi,
977 2979 1087 3041 nomen
1097 2999 1190 3042 usur·

157 3078 258 3159 pabat,
281 3097 374 3158 seque
395 3096 543 3156 suamque
560 3096 698 3155 causam,
720 3077 813 3138 veluti
834 3078 945 3138 Christi
967 3078 1060 3139 cliens
1081 3079 1188 3158 factuS,

157 3176 291 3236 necdum
310 3180 412 3236 tamen
429 3175 597 3236 christianae
611 3174 752 3236 doctrinae
767 3174 944 3242 manifestus
956 3177 1116 3257 particeps,
1134 3176 1191 3238 Dei

154 3272 391 3333 christianorum
400 3273 501 3332 tutelae
517 3271 720 3332 submittebat.

198 3369 362 3446 Caeterum,
378 3369 515 3448 quamvis
529 3367 628 3429 crucis
642 3367 759 3446 efligies
775 3369 869 3429 hastae
889 3370 1049 3448 praelongae
1065 3370 1190 3449 praefixa

157 3485 212 3546 pro
226 3465 405 3544 legionibuS,
422 3464 454 3525 in
467 3466 531 3526 loco
544 3465 679 3526 Deorum
696 3465 864 3544 imaginum
878 3468 1110 3546 prospiceretur,
1128 3473 1190 3530 non

156 3561 227 3624 inde
240 3563 433 3624 inferendum
450 3568 506 3642 est,
523 3569 596 3625 tunc
609 3564 754 3644 temporis
772 3563 1002 3625 Constantinum
1019 3567 1189 3630 christianae

158 3659 300 3722 doctrinae
316 3661 409 3722 fuisse
422 3662 586 3723 addictum.

198 3757 389 3822 Constantius
411 3758 596 3821 Constantini
622 3763 706 3839 pater
734 3758 799 3819 sine
823 3741 937 3837 dubio,
954 3778 1010 3822 nec
1032 3763 1190 3842 gentilium

158 4003 258 4055 reluser
271 4002 296 4053 le
310 4015 370 4053 nom
384 4002 417 4052 de
430 4001 465 4053 toi
478 4002 492 4052 t
504 4015 537 4052 un
553 4001 691 4052 sentiment
703 4001 737 4050 ou
750 3999 892 4084 lfambltlon
912 4003 979 4052 avait
994 3973 1056 4052 tant*
1069 4004 1102 4054 de
1121 4011 1186 4068 part.

159 4088 193 4139 Ge
207 4101 239 4137 ne
255 4087 295 4137 lut
308 4086 380 4150 point
394 4099 429 4136 un
442 4093 498 4136 acte
512 4087 545 4136 de
559 4085 691 4149 polirique.
705 4084 835 4151 (L'Egltse
848 4090 872 4135 el
888 4085 1017 4147 l'Empt're
1028 4091 1140 4140 romain
1153 4101 1190 4140 au

160 4175 175 4224 1
181 4176 210 4228 V«
223 4170 309 4228 attale,
324 4184 369 4235 par
383 4171 416 4221 Μ.
430 4170 517 4221 albert
530 4168 563 4220 de
577 4169 703 4232 Bnoome,
716 4173 736 4219 t.
755 4170 773 4230 l,
789 4182 814 4232 p.
831 4167 890 4230 220,
905 4167 932 4217 2⁸
945 4167 1063 4234 edition.)

192 4258 229 4324 (ἓ)
246 4259 410 4326 Panenvrfct
426 4260 537 4316 Veteres,
552 4270 579 4321 p.
595 4254 655 4306 215.

1082 4357 1103 4419 2
