3054 5046
776 541 937 636 ...70-

338 675 510 736 Romanum
532 673 692 735 concilium
711 680 741 734 et
761 674 899 754 judicum
914 675 1093 756 paucitatem
1108 682 1198 758 atque
1212 680 1367 741 temerita-

338 781 399 837 tem
421 776 502 856 apud
521 775 735 854 imperatorem
755 774 893 836 incusare
916 773 974 856 (l),
998 775 1209 838 Constantinus
1229 781 1371 860 praecepit

339 879 374 933 ut
395 872 496 934 resin
517 871 740 932 Arelatensium
763 873 871 952 oppido
898 873 934 933 de
953 873 1069 952 integro
1090 875 1323 955 expenderetur,
1339 885 1372 938 ut

340 970 495 1032 discordiae
520 969 642 1030 tandem
665 969 735 1029 finis
758 969 854 1030 fieret.
879 970 1003 1032 Ablavio
1022 971 1114 1050 igilur
1136 972 1245 1033 Alricae
1263 974 1371 1037 vicario

338 1069 479 1148 injunxit,
492 1073 525 1128 ut
537 1068 730 1128 Caecilianum
741 1088 812 1129 cum
825 1068 980 1129 nonnullis
993 1089 1031 1130 ex
1044 1069 1103 1147 his,
1115 1090 1192 1151 quos
1205 1071 1270 1151 ipse
1285 1073 1369 1134 dele-

236 1193 241 1202 ·
337 1167 440 1244 gisset,
454 1172 485 1227 et
498 1166 588 1227 eliam
602 1157 764 1227 nonnullos
779 1186 817 1227 ex
831 1167 879 1227 his
894 1167 947 1246 qui
966 1173 1067 1228 contra
1088 1169 1282 1230 Caecilianum
1301 1176 1369 1232 ten-

338 1265 457 1342 debant,
474 1265 540 1326 data
554 1265 704 1326 evectione
719 1266 849 1345 publica,
865 1267 903 1328 ad
917 1267 1026 1328 urbem
1040 1268 1243 1349 supradictam
1253 1270 1372 1331 mitten-

340 1365 393 1425 dos
408 1369 536 1426 curaret.
561 1363 729 1444 Adjiciebat
751 1365 826 1424 nihil
842 1365 898 1427 sibi
923 1385 988 1427 esse
1013 1367 1166 1454 antiquius
1187 1387 1279 1447 quam
1300 1389 1371 1449 pace

339 1461 512 1544 composita,
530 1481 546 1522 a
562 1461 717 1522 universos
731 1461 843 1522 intueri
856 1462 955 1523 debito
970 1463 1053 1523 cultu
1075 1464 1226 1525 catholicae
1247 1467 1369 1545 religio-

340 1561 386 1621 nis
413 1560 636 1621 sanctissimum
659 1559 759 1620 Deum
790 1561 930 1621 concordi
962 1561 1156 1623 observantiae
1189 1564 1372 1626 fraternitate

339 1657 580 1740 venerantesffl).
598 1678 613 1718 >r
635 1657 732 1718 Simul
756 1664 786 1718 et
807 1659 933 1720 Chresto
954 1660 1211 1738 Syracusanorum
1232 1663 1372 1744 episcopo

340 1758 498 1836 scribebat,
524 1777 556 1818 se
580 1757 729 1837 plurimos
747 1777 785 1818 ex
812 1757 939 1818 diversis
962 1764 992 1819 et
1013 1778 1106 1839 prope
1140 1759 1266 1820 infinitis
1298 1761 1372 1822 locis

340 1857 494 1936 episcopos
516 1856 547 1916 in
571 1855 680 1916 urbem
698 1856 921 1917 Arelatensium
935 1857 1092 1917 convenire
1109 1858 1248 1936 jussisse,
1262 1857 1372 1938 jubere
1431 1907 1435 1911 .

341 1955 431 2017 etiam
445 1961 479 2014 ut
491 1955 556 2035 ipse
570 1973 642 2014 cum
656 1955 775 2015 duobus
792 1955 916 2016 secundi
936 1955 1049 2015 ordinis
1072 1961 1102 2016 et
1122 1955 1221 2016 tribus
1243 1958 1374 2020 servulis

341 2053 379 2113 ad
394 2053 572 2132 predictum
585 2053 697 2130 locum,
714 2053 846 2114 adhibito
861 2053 980 2133 publico
993 2052 1141 2131 vehiculo,
1153 2059 1301 2115 occurrat.

381 2152 416 2212 In
434 2151 491 2212 hoc
508 2151 631 2211 concilio
649 2150 740 2233 (Aug.
762 2151 848 2212 Mens
869 2149 941 2231 314)
960 2151 1009 2211 cui
1031 2171 1087 2212 nec
1107 2151 1212 2212 Romae
1233 2153 1373 2214 Pontifex

340 2250 490 2330 Sylvester
510 2269 567 2311 nec
590 2249 802 2310 Constantinus
822 2249 943 2326 aderat,
962 2249 1055 2310 auditi
1076 2249 1187 2310 iterum
1209 2250 1372 2312 Donatistae

340 2354 370 2410 et
384 2349 516 2410 damnati
529 2349 625 2426 luere,
641 2347 858 2428 sententiaque,
875 2367 945 2409 cum
958 2347 1140 2427 quibusdam
1154 2349 1220 2410 aliis
1231 2349 1370 2428 decretis,

287 2451 289 2456 ’
339 2467 407 2528 quae
429 2447 589 2508 concilium
610 2451 759 2522 sanxerat,
781 2447 819 2508 ad
839 2446 1024 2525 Sylvestrum
1047 2451 1077 2506 et
1091 2446 1128 2507 ad
1142 2446 1371 2508 Constantinum

321 2625 323 2628 Ι
339 2547 446 2608 delata.
458 2546 522 2607 Nec
535 2551 637 2607 tamen
652 2545 770 2606 sublata
784 2551 830 2606 est
844 2543 1004 2622 dissensio,
1024 2545 1129 2604 multis
1146 2564 1184 2604 ex
1197 2544 1369 2607 Donatista-

338 2665 408 2706 rum
427 2651 511 2725 parte
528 2644 773 2720 reclamantibus,
791 2649 821 2704 et
840 2643 877 2704 ab
900 2642 1047 2722 episcopis
1069 2644 1106 2704 ad
1132 2662 1252 2704 sacrum
1275 2644 1372 2724 ipsius
1465 2666 1469 2674 ·

220 2812 222 2818 ,
337 2743 522 2806 Constantini
533 2743 682 2822 judicium
695 2741 916 2822 appellantibus
929 2739 985 2823 (3).

376 2842 538 2922 Episcopos
546 2842 707 2921 imperator
720 2861 735 2900 a
747 2841 886 2901 toedioas
899 2859 914 2899 n
926 2839 998 2900 utS.
1018 2839 1143 2920 Optatus
1154 2839 1300 2920 loquitur,
1313 2844 1367 2903 do-

335 2956 422 3001 mum
430 2958 582 3019 quemque
592 2939 692 2999 redire
700 2937 802 3017 jussit,
815 2942 845 2998 et
857 2937 1042 2998 Arelatensis
1054 2938 1171 2998 concilii
1185 2938 1365 3002 detrectato-

334 3057 383 3100 res
397 3039 435 3099 ad
448 3037 622 3098 comitatum
640 3055 732 3096 suum
747 3035 889 3115 perduoi,
906 3040 1051 3115 tanquam
1064 3035 1092 3095 vi
1106 3035 1248 3113 adhibita,
1261 3057 1368 3098 corum

334 3134 529 3218 pertinaciam
536 3136 674 3214 frangere
684 3135 785 3195 vellet.
800 3133 915 3194 Deinde
925 3153 1032 3194 versus
1042 3135 1080 3194 ad
1088 3134 1216 3212 mitiora,
1226 3135 1363 3197 Donatis-

333 3239 379 3296 tas
386 3233 544 3294 admonuit
557 3251 589 3293 se
605 3249 727 3293 causam
740 3236 832 3292 totam
838 3231 1047 3312 judicaturum
1054 3237 1083 3292 et
1089 3233 1141 3311 jus
1148 3221 1257 3312 cuique
1266 3235 1365 3295 reddi-

334 3338 441 3392 turum
448 3331 504 3413 (A).
520 3331 564 3392 De
579 3350 614 3392 ea
628 3350 662 3391 re
677 3331 768 3391 eiiam
786 3331 909 3391 Celsum
924 3330 1034 3392 Africae
1048 3331 1193 3391 vicarium
1208 3333 1367 3394 certiorem

279 3448 281 3452 ·
334 3430 418 3507 lecit,
433 3429 532 3490 addito
548 3433 580 3487 ut
595 3447 687 3508 super
702 3428 828 3489 diversis
842 3427 1070 3508 allegationibus
1084 3429 1240 3508 requirere
1254 3449 1365 3510 super-

332 3528 460 3604 sederet,
477 3532 507 3588 at
526 3526 625 3606 potius
647 3526 861 3602 dissimularet,
888 3526 983 3586 donec
1005 3525 1069 3606 ipse
1091 3525 1225 3586 Africam
1248 3527 1364 3588 venerit

333 3646 348 3686 a
361 3626 547 3704 planissime
561 3627 718 3686 universis
731 3633 800 3686 tam
820 3625 994 3686 Caeciliano
1013 3645 1112 3704 quam
1127 3627 1177 3686 lais
1188 3627 1244 3705 qai
1254 3632 1365 3687 contra

363 3907 397 3974 (l)
417 3907 514 3970 script.
535 3905 646 3958 Vatari
671 3905 806 3956 Donatisl.
830 3905 925 3956 lister.
942 3905 1119 3968 pertinentia.
1140 3923 1174 3942 a-
1188 3904 1213 3954 S.
1235 3903 1359 3964 Arausa,

329 4000 350 4044 t.
367 3993 408 4052 lx,
424 4007 449 4056 p.
470 3993 498 4042 tl
519 3990 554 4058 (in
570 3989 692 4054 append.)
714 4017 744 4026 -
766 3992 853 4054 Epist.
868 3993 965 4042 comt.
987 3991 1024 4040 ad
1043 3991 1198 4042 Ablavium.
1219 4015 1252 4027 —
1271 3992 1358 4054 Epist.

235 4120 237 4124 .
329 4079 467 4131 constant.
479 4077 515 4128 ad
527 4077 668 4128 carectum
679 4077 796 4138 episcop.
812 4076 1025 4138 Syracusanam.

357 4161 393 4229 (Ξ)
413 4163 610 4214 constantinae
623 4161 659 4212 ad
673 4162 831 4212 Ablavium.
856 4226 860 4232 q

359 4245 395 4309 (ὅ)
411 4246 436 4296 S.
453 4249 581 4333 Apousr„
595 4260 638 4312 op.
651 4247 683 4296 aa
700 4247 736 4296 aa
749 4245 881 4298 Gloriam.

357 4331 394 4398 (l)
412 4333 519 4396 Scripta
538 4334 592 4386 l'at.
609 4334 646 4384 ad
660 4333 799 4384 Donatisl.
814 4329 878 4380 laist.
886 4330 1001 4392 parlim,
1013 4342 1037 4393 p.
1051 4326 1094 4378 23.
1190 4331 1195 4341 “
