3054 5046
728 487 888 548 ...74-

335 621 410 682 Dum
427 627 499 682 sunt
517 621 707 683 ecclesiaticae
726 621 917 702 quaestiones,
939 625 968 681 et
985 620 1169 698 gravissimae
1184 619 1326 700 quidem,

293 715 416 797 quibus,
439 718 631 779 Constantino
643 718 820 799 imperante,
834 718 962 798 permoti
982 719 1067 778 luere
1088 717 1328 779 christianorum

293 815 396 876 animi
413 815 548 880 Alteram
562 818 756 897 exposuimus
769 816 910 893 breviter,
921 816 1113 896 vidimusque
1127 821 1243 897 quanta
1257 835 1329 896 pars

293 912 376 974 illius
389 915 551 995 imperator
561 915 660 976 luerit.

333 1011 377 1072 De
392 1013 484 1073 altera
497 1013 586 1092 paulo
598 1013 677 1073 intra
694 1031 830 1091 agemus,
845 1013 989 1074 Arianam
1003 1013 1069 1074 dico
1089 1013 1328 1089 contentionem,

293 1129 354 1188 qua
365 1110 511 1190 AEgyptus
524 1112 632 1191 primo,
649 1111 718 1172 dein
731 1116 810 1172 totus
824 1110 932 1172 Oriens
946 1117 977 1172 et
991 1111 1054 1172 lere
1068 1111 1210 1172 universa
1224 1111 1327 1171 chris-

292 1207 442 1268 tianorum
467 1209 591 1270 societas
609 1208 761 1270 laboravit.
791 1209 826 1270 In
854 1208 989 1268 minimis
1016 1227 1086 1268 vero
1109 1207 1203 1268 rebus
1233 1211 1270 1266 ut
1297 1207 1329 1266 in

293 1307 443 1384 maximis,
453 1326 521 1387 quae
530 1308 562 1368 in
572 1307 704 1368 Ecclesia
714 1307 864 1383 exstitere,
880 1305 1084 1368 intercessisse
1093 1305 1330 1367 Constantinum

293 1403 491 1483 liquidissime
505 1411 594 1486 patet.

333 1501 514 1564 Omittemus
527 1503 678 1565 restitutas
691 1509 757 1584 post
769 1504 881 1565 victum
903 1502 1089 1564 Maxentium
1109 1508 1162 1564 aut
1184 1501 1323 1563 oedifica-

291 1607 348 1678 tas,
378 1602 504 1680 jubente
535 1601 737 1677 Constantino,
762 1601 994 1662 christianorum
1026 1601 1118 1678 aedes,
1143 1606 1173 1661 et
1198 1600 1325 1676 fiscum,

292 1699 399 1760 eodem
409 1700 545 1780 jubente,
565 1718 671 1760 eorum
682 1698 891 1778 uaediiieiorum
913 1705 1053 1779 sumptus
1067 1698 1327 1778 suppeditantem,

291 1803 435 1877 tanquam
449 1799 555 1858 docere
569 1796 658 1858 vellet
670 1796 820 1876 princeps,
836 1797 888 1876 qui
902 1815 952 1856 res
961 1797 998 1855 in
1008 1797 1122 1874 quibus
1133 1795 1329 1858 Divinitotis
1391 1794 1395 1803 '

292 1897 469 1956 reverentia
482 1897 670 1969 continetur,
688 1894 840 1955 ordinare
850 1893 895 1975 (l)
909 1893 939 1955 et
953 1912 1145 1976 componere,
1158 1895 1196 1956 ed
1212 1913 1246 1955 se
1258 1914 1331 1974 per-

291 1992 386 2052 tinere
405 1991 611 2072 profitebatur,
627 2011 688 2051 non
702 1997 786 2052 extra
798 1992 942 2053 ditionem
961 2009 1048 2054 suam
1063 1991 1134 2071 poni
1144 2011 1215 2072 quae
1228 1991 1330 2071 ipsius

288 2088 378 2166 jussu
391 2094 420 2148 et
433 2087 585 2148 fiscalibus
594 2088 739 2168 impensis
753 2088 956 2166 erigebantur.

331 2187 390 2248 Sed
403 2187 498 2268 placet
508 2185 643 2247 nonnihil
654 2186 690 2248 de
701 2187 789 2247 certis
799 2186 917 2265 legibus
927 2205 945 2247 a
955 2187 1148 2248 Constantino
1158 2187 1241 2266 latis,
1254 2207 1326 2268 qum

290 2286 391 2346 adres
414 2285 646 2346 christianorum
667 2284 802 2363 attinent,
816 2285 972 2364 attingere.
991 2285 1060 2347 lam
1080 2285 1330 2348 constitutionem

291 2383 475 2445 Constantini
507 2384 545 2445 ad
587 2382 756 2443 Anulinum
794 2383 904 2443 Africae
936 2384 1160 2462 proconsulem,
1199 2384 1332 2446 ineunte
1414 2422 1417 2428 ·

289 2500 368 2543 anno
390 2480 450 2542 313
471 2482 612 2542 directam
639 2480 884 2557 memoravimus,
908 2499 968 2560 qua
992 2481 1144 2542 catholicae
1169 2482 1332 2561 religionis

290 2579 469 2641 ministrosa
482 2578 643 2640 curialium
657 2597 820 2638 munerum
834 2577 977 2638 oneribus
991 2579 1146 2640 immunes
1159 2584 1190 2640 et
1207 2580 1329 2641 solutos
1358 2637 1360 2642 .

289 2695 356 2738 esse
367 2677 468 2757 juhei3
480 2695 548 2738 eam
561 2675 618 2736 alia
637 2675 805 2736 constitutio
819 2675 957 2754 ejusdem
972 2676 1056 2754 anni,
1072 2676 1166 2737 codici
1181 2676 1329 2738 Theodo-

290 2776 373 2836 siano
387 2775 498 2836 inserta
511 2773 642 2834 firmavit
660 2771 715 2854 (2).
731 2771 872 2852 Quinque
884 2777 950 2852 post
964 2774 1063 2851 annis,
1085 2779 1120 2834 ut
1140 2774 1328 2836 christiano·

290 2891 361 2934 rum
374 2891 530 2932 sacrorum
545 2869 675 2930 ministri
688 2870 769 2930 omni
787 2870 923 2932 molestia
945 2876 1084 2934 carerent
1102 2877 1133 2934 et
1152 2873 1331 2952 expeditius

290 2970 397 3032 divinis
412 2969 563 3049 obsequiis
576 2967 720 3029 inservire
734 2973 865 3048 possent,
882 2969 1095 3031 Constantinus
1108 2970 1196 3031 tertia
1207 2973 1325 3032 constit
1348 3037 1351 3042 ,

289 3069 403 3131 tutione
424 3068 499 3128 cavit
520 3065 575 3147 (c).
600 3063 639 3124 At
661 3083 731 3124 cum
753 3065 841 3125 multi
858 3066 978 3146 publica
1001 3085 1131 3128 munera
1146 3067 1325 3130 declinandi

290 3165 401 3242 studio,
424 3165 462 3224 ad
478 3163 657 3224 clericorum
675 3180 785 3223 nomen
808 3162 1049 3243 obsequiumque
1064 3165 1278 3244 confugerent,
1296 3171 1329 3227 et

289 3423 438 3477 constituto.
457 3421 602 3474 Conventus
618 3419 747 3472 ltomeuus
757 3427 781 3471 ct
796 3421 951 3473 Arelatensis
964 3423 1072 3474 concilia
1087 3423 1164 3490 vulgo
1185 3424 1328 3476 nominan-

290 3518 350 3567 tur:
366 3508 413 3558 sed
426 3507 470 3572 qui
484 3521 537 3558 rem
552 3505 632 3570 equis
642 3505 805 3557 considerare
819 3506 900 3558 oculis
913 3506 991 3570 rotet,
1007 3507 1144 3573 intelliget,
1158 3521 1206 3560 eos
1220 3511 1329 3573 proprie

288 3612 340 3651 non
357 3609 416 3647 esse
430 3596 550 3655 concilim
576 3591 623 3643 sed
642 3592 747 3642 consilia
771 3591 945 3658 delegatorum
969 3594 1001 3644 ab
1024 3591 1180 3658 imperatore
1197 3595 1329 3658 iudicum,
1431 3594 1435 3601 '

288 3687 344 3737 sive
356 3681 600 3740 commissariorum,
615 3684 645 3729 ut
662 3691 710 3730 nos
722 3677 799 3729 hodie
819 3678 957 3742 loquimur.
974 3695 984 3726 ι
1002 3678 1147 3744 (ttosurtt,
1163 3681 1231 3731 inst.
1249 3683 1328 3734 Hist.

289 3771 363 3825 ccci„
378 3767 464 3818 secut.
478 3765 518 3826 lv,
532 3777 590 3830 pars
600 3763 631 3823 ll,
647 3777 673 3827 p.
690 3761 747 3822 tot,
762 3763 788 3812 iu
802 3760 909 3827 notula).

323 3857 358 3922 (lt
378 3855 432 3917 lpse
446 3851 522 3903 etlicti
538 3844 732 3900 ttedtotan'ensts
746 3847 821 3898 verbu
833 3848 899 3913 apud
913 3848 1085 3900 lactentium.
1098 3849 1156 3901 vid.
1172 3862 1250 3914 supra

320 3940 359 4008 (2)
379 3940 442 3993 cod.
459 3935 565 3992 rotor„
578 3944 634 4007 xvi,
649 3939 670 3983 t.
685 3934 716 3991 tt.
731 3933 750 3984 t.
766 3934 790 3982 t.
910 3985 915 4000 1

323 4027 359 4096 (5)
381 4041 392 4072 ι
411 4023 457 4087 Qut
476 4021 561 4072 divino
580 4017 660 4069 cultui
682 4017 821 4067 ministeria
844 4015 975 4084 religionis
997 4017 1152 4081 impendunt
1174 4017 1210 4081 (id
1225 4018 1328 4083 estqui

289 4111 377 4166 clerici
389 4102 557 4174 appellantur)
571 4101 604 4152 ab
616 4101 736 4153 omuibus
750 4101 853 4151 omniuo
866 4101 1016 4153 muneribus
1031 4108 1191 4153 excusentur
1205 4116 1213 4152 z
1229 4115 1264 4152 ue
1283 4115 1331 4153 sa-

288 4201 386 4264 crilego
402 4195 481 4246 livore
500 4187 694 4256 quorumdama
711 4185 803 4237 divinis
817 4185 948 4252 obsequiis
962 4193 1102 4239 avocentur
1114 4187 1197 4253 (ott).
1217 4203 1229 4234 i
1247 4185 1329 4254 (cod.

293 4286 430 4342 theodos,
440 4291 494 4342 stu,
509 4282 528 4329 t.
544 4275 576 4332 ll,
590 4273 609 4324 l.
625 4269 661 4336 2.)
