3054 5046
596 555 756 616 -57-

151 693 245 765 tasse,
259 695 293 749 ut
308 688 443 768 conjicio,
458 687 602 768 frigidum
616 695 702 750 antea
718 689 750 749 in
763 689 923 768 religiones
936 690 1069 751 studium
1083 691 1187 759 Rornae

151 787 293 864 recaluit,
316 794 346 848 et
371 788 404 847 in
426 788 582 848 mordaces
600 788 715 849 iambos
734 789 896 868 quemdam
913 789 1066 850 bominem
1079 791 1187 851 veteris

150 891 230 946 notae
244 887 368 967 impulit
377 886 432 968 (1).
449 888 529 948 Tum
539 888 641 969 populi
651 908 811 949 murmura
821 894 850 949 et
860 890 998 950 fremitus
1008 897 1038 950 et
1047 891 1187 971 conjectae

149 985 269 1062 passim
293 987 325 1045 in
349 986 516 1065 principem
544 988 745 1064 coutumeliae,
766 989 831 1067 jam
856 987 888 1048 in
915 989 1076 1050 christiana
1103 969 1187 1052 sacra

148 1081 350 1172 inclinantem
364 1083 430 1162 ejus
440 1085 578 1144 animum
588 1105 676 1162 egere
692 1085 875 1164 praecipitem
892 1086 1025 1162 ,nedum
1036 1087 1074 1147 ad
1087 1091 1186 1150 vetera

148 1183 356 1258 retraherent,
370 1200 440 1241 cum
453 1181 494 1243 ita
508 1187 616 1244 natura
629 1187 837 1263 comparatum
852 1183 890 1243 sit
903 1190 936 1243 ut
950 1184 1107 1243 hominum
1123 1190 1187 1244 stu-

82 1317 85 1322 ·
148 1277 199 1338 dia
214 1279 442 1358 impedimentis
456 1280 668 1357 accendantur,
687 1287 717 1342 et
730 1281 829 1341 acrius
841 1282 878 1341 iis
891 1281 1067 1342 incumbere
1085 1282 1182 1342 solea·

147 1396 221 1437 mus
233 1397 251 1437 a
265 1378 376 1457 quibus
389 1377 417 1437 vi
431 1383 461 1438 et
473 1378 593 1457 injuriis
604 1379 821 1440 deterreamur.

189 1476 273 1536 Cum
287 1495 356 1536 vero
370 1476 402 1536 in
416 1477 612 1537 offensionem
632 1477 817 1537 Constantini
836 1477 931 1556 magis
944 1477 976 1537 in
996 1477 1060 1538 dies
1077 1478 1184 1558 pagani

146 1572 354 1650 incurrerent,
375 1574 528 1634 christiani
549 1574 700 1635 blanditiis
727 1580 757 1634 et
774 1574 856 1634 omni
874 1575 1052 1635 adulationis
1071 1593 1181 1653 genere

148 1689 224 1730 eum
236 1670 414 1748 afficientes
431 1671 641 1732 secundiorem
651 1677 681 1731 et
687 1671 894 1749 benigniorem
904 1673 1036 1733 vicissim
1046 1674 1185 1753 experie-

147 1766 275 1843 bantur,
291 1767 323 1827 in
338 1787 373 1828 eo
384 1788 470 1848 spem
482 1773 575 1828 totam
586 1768 771 1848 Reipublicae
781 1770 958 1848 reparandae
971 1775 1001 1829 et
1009 1775 1182 1849 temporum

148 1863 328 1925 inchoandae
349 1865 496 1926 felicitatis
518 1865 605 1926 sitam
628 1883 695 1926 esse
714 1865 920 1944 praedicantes
945 1867 984 1926 Et
1008 1885 1184 1946 quanquam

145 1961 213 2039 jam
227 1963 295 2040 ejus
309 1961 402 2022 animi
419 1962 625 2041 impotentiam
641 1961 901 2042 arrogantiamque
914 1963 946 2022 in
961 1964 1060 2024 causis
1080 1965 1117 2024 ad
1131 1983 1181 2024 sa-

149 2077 202 2118 cra
213 2059 495 2144 suapertinentibus
508 2065 675 2136 senserant,
687 2059 789 2119 faciles
799 2066 902 2121 tamen
912 2067 943 2122 et
954 2061 992 2120 ad
1003 2061 1184 2141 obsequium

150 2161 272 2235 paratos
290 2176 322 2216 se
344 2157 499 2236 gerebant,
515 2176 570 2217 nec
583 2158 661 2236 ejuS,
678 2177 771 2237 quern
786 2164 946 2236 patronum
959 2160 1181 2237 existimabant,

149 2255 317 2335 imperium
329 2256 577 2335 aspernabantur.
593 2258 637 2316 Ita
652 2256 880 2317 necessitudinis
894 2259 1053 2337 cujusdam
1063 2258 1181 2320 vincula

149 2353 231 2413 inter
251 2352 480 2414 Constantinum
500 2359 529 2413 et
547 2353 723 2415 christianos
740 2355 853 2414 sensim
874 2356 1009 2433 extitere,
1033 2375 1100 2436 quae
1121 2377 1182 2436 quo

150 2451 248 2529 magis
265 2469 283 2512 a
297 2450 391 2512 veteri
404 2452 619 2512 consuetudine
640 2452 779 2531 princeps
798 2454 989 2532 refugiebat,
1006 2454 1183 2516 eo-arctiora

151 2549 275 2610 fiebant.
1029 2551 1035 2558 '

190 2648 255 2708 Nec
274 2652 376 2708 tamen
400 2646 612 2708 Constantinus
634 2648 708 2708 adeo
726 2654 900 2728 temporum
917 2649 1042 2728 ignarus
1061 2655 1126 2710 erat
1149 2655 1183 2710 ut

151 2745 289 2824 antiquas
302 2746 436 2806 Deorum
450 2745 608 2823 religiones
622 2746 775 2824 prohiberi
788 2751 818 2806 et
834 2746 954 2825 penitus
968 2745 1081 2807 aboleri
1094 2766 1181 2826 posse

152 2848 280 2923 putaret,
301 2862 357 2903 nec
378 2843 451 2903 adeo
470 2843 563 2922 quieti
580 2843 734 2903 communi
751 2849 781 2904 et
799 2844 864 2924 paci
884 2844 1012 2923 publicae
1030 2843 1178 2923 infensae,

152 2947 194 3019 ut,
211 2960 288 3021 quas
308 2940 429 3001 omnino
449 2941 622 3018 sustulerat,
643 2941 865 3020 persecutiones
886 2942 918 3001 in
932 2959 1062 3021 paganos
1077 2941 1178 3003 detor-

151 3058 245 3117 quere
255 3043 285 3098 et
294 3037 395 3097 omnia
407 3037 519 3098 iterum
535 3037 718 3115 permiscere
735 3037 914 3111 destinaret;
930 3057 986 3098 nec
999 3038 1072 3098 adeo
1082 3038 1180 3100 laudis

151 3141 180 3196 et
193 3137 282 3197 famae
297 3134 467 3194 incuriosus
481 3138 515 3193 ut
524 3134 644 3214 publica
658 3135 725 3194 odia
739 3135 828 3195 vellet
841 3154 1020 3215 provocare3
1036 3155 1097 3195 non
1107 3137 1180 3196 adeo

152 3254 249 3295 caecus
264 3233 520 3314 praesentiumque
534 3252 638 3294 rerum
652 3233 747 3311 rudiS,
764 3240 798 3294 ut
811 3234 960 3294 infinitam
973 3254 1065 3315 prope
1085 3254 1177 3313 paga·

140 3351 261 3393 norum
274 3329 511 3406 multitudinem,
528 3349 560 3390 se
573 3329 710 3408 jubente,
727 3333 756 3390 et
772 3330 947 3390 docentibus
962 3331 1142 3408 christianis,
1162 3351 1180 3391 a

151 3431 301 3510 majorum
325 3428 511 3489 observantia
532 3427 732 3488 discessuram
753 3427 862 3505 subito,
885 3447 1020 3507 novaque
1045 3428 1180 3490 instituta

150 3529 358 3609 amplexuram
371 3545 437 3587 esse
452 3525 625 3586 confideret.
641 3527 677 3586 ld
691 3545 751 3586 non
766 3527 870 3604 legum
890 3525 943 3585 sed
964 3525 1044 3604 longi
1057 3531 1176 3606 tempo·

151 3626 191 3688 ris
205 3645 282 3707 opus
295 3625 359 3685 fore
374 3623 485 3704 optime
499 3630 630 3684 noverat.
648 3624 848 3704 Quapropter,
872 3623 1008 3703 quamvis
1028 3623 1178 3683 Eusebius

151 3732 179 3786 et
193 3728 329 3789 Socrates
343 3723 542 3803 nonnullique
558 3723 607 3784 alii
621 3725 661 3784 ita
675 3725 787 3783 factum
802 3723 896 3783 fuisse
909 3723 993 3783 valde
1011 3722 1174 3798 affirment,

152 3830 265 3892 nullam
273 3827 371 3890 latam
385 3827 479 3887 fuisse
493 3845 510 3886 a
524 3826 715 3887 Constantino
728 3827 828 3904 legem
850 3825 989 3902 arbitror,
1014 3843 1074 3904 qua
1093 3843 1177 3884 sacra

183 4041 219 4110 (1)
235 4041 367 4094 Notissimi
380 4039 408 4091 hi
422 4054 510 4092 versus
525 4041 604 4091 muris
620 4039 705 4090 Rome
719 4037 809 4090 affixi:

364 4145 466 4196 Saturni
480 4157 556 4200 aurea
570 4143 637 4192 scola
652 4143 710 4206 quis
722 4140 854 4206 requirat?

364 4232 429 4280 Sunt
440 4229 493 4280 lraec
507 4240 633 4293 gemmea,
648 4227 694 4278 sed
707 4227 858 4276 Neroniana·

697 4327 830 4391 (Sroonrus
846 4326 1027 4384 deorumne,
1043 4319 1063 4381 l,
1078 4315 1115 4378 8.)
