3054 5046
760 529 921 595 „10-

328 658 433 719 ditoris
448 657 579 720 ludibrio
593 663 623 720 et
636 658 775 720 dedecori
794 657 903 720 tradite
915 665 1017 722 essent
1033 657 1090 742 (1).
1106 658 1293 733 Quinetiam
1313 660 1358 722 in·

328 758 425 819 ductae
435 756 556 818 feminae
566 756 717 837 quaedam,
729 756 954 835 sordidissime,
965 763 1000 818 ut
1008 757 1137 836 videtur,
1149 764 1238 837 notae,
1250 778 1321 844 quae
1329 760 1360 821 in

327 856 448 935 vulgus,
459 859 604 936 tanquam
617 860 708 917 testes
722 861 751 918 et
766 856 891 918 consciae
901 856 974 937 ipsae
989 857 1128 935 fuissent,
1144 862 1259 918 atroces
1271 857 1359 920 iabu-

329 953 384 1032 las,
410 953 475 1014 sine
488 953 604 1034 pudore
618 960 821 1034 consererent,
837 974 984 1036 verosque
994 973 1060 1016 esse
1074 955 1290 1016 confirmarent
1302 974 1357 1015 ru-

328 1070 428 1114 mores
437 1051 521 1130 istos,
537 1071 613 1133 quos
626 1054 711 1114 nullo
720 1059 801 1114 certo
814 1059 935 1115 auctore
951 1054 1025 1114 olim
1041 1054 1079 1114 de
1093 1052 1262 1114 christianis
1273 1052 1360 1114 dillu-

275 1219 280 1224 ,
328 1169 377 1212 sos
387 1151 570 1232 jampridem
584 1150 705 1233 publica
718 1151 818 1232 opinio
832 1152 976 1214 omiserat
987 1150 1044 1234 (2).

368 1250 425 1311 Illa
437 1268 520 1328 vero,
536 1254 570 1310 ut
586 1250 667 1329 apud
681 1269 787 1312 omnes
806 1256 931 1329 constat,
952 1250 1028 1310 nihil
1049 1250 1214 1330 profecere.
1226 1249 1355 1332 Jamque

329 1346 499 1410 christianae
513 1347 660 1409 societatis
680 1348 801 1410 fortuna
817 1366 916 1428 usque
932 1366 968 1410 eo
981 1366 1141 1428 progressa
1155 1353 1229 1427 erat,
1245 1354 1280 1409 ut
1292 1367 1360 1410 eam

328 1445 430 1506 delere
443 1463 536 1524 penes
545 1449 698 1507 terrarum
713 1445 850 1506 dominos
860 1465 921 1507 non
931 1449 1021 1506 esset.
1037 1444 1165 1506 Frustra
1178 1444 1270 1524 igitur
1282 1444 1361 1506 inter

328 1542 434 1604 decem
456 1561 562 1621 annos,
580 1543 613 1603 in
633 1540 756 1604 Oriente
774 1543 956 1624 praesertim,
982 1542 1036 1603 ubi
1057 1542 1196 1604 Galerius
1212 1543 1313 1604 Caesar
1331 1550 1361 1606 et

328 1660 399 1702 mcx
416 1640 573 1719 Augustus
593 1641 771 1721 imperabat,
796 1641 901 1702 multis
923 1640 1021 1703 modis
1040 1640 1138 1702 vexati
1163 1645 1193 1702 et
1213 1641 1361 1702 interfecti

328 1741 415 1801 tuere
439 1739 612 1816 christiani;
627 1739 714 1820 sique
727 1739 867 1801 intereos
881 1739 1031 1816 nonnulli,
1043 1738 1262 1820 suppliciorum
1275 1744 1361 1800 metu

327 1837 407 1916 victi,
429 1836 673 1919 persecutoribus
686 1856 815 1917 cessere,
832 1843 873 1916 et,
889 1837 1017 1916 traditis,
1034 1842 1068 1898 ut
1080 1837 1264 1917 imperatum
1283 1841 1358 1914 eret,

330 1935 421 1998 sacris
434 1935 552 2014 litteris,
568 1936 616 1997 vel
630 1936 745 2016 ejurata
757 1935 912 2016 religione,
934 1954 1089 1998 servavere
1105 1935 1196 1997 vitam
1208 1933 1272 2017 (3);
1287 1935 1358 2017 plu·

330 2053 380 2096 res
393 2033 460 2095 vitae
470 2033 570 2114 potius
583 2053 676 2115 quam
686 2034 757 2096 fidei
771 2053 834 2095 suae
846 2035 996 2115 jacturam
1006 2036 1105 2096 facere
1114 2034 1298 2095 maluerunt.

367 2135 454 2198 Subit
466 2141 568 2199 tamen
582 2142 674 2198 aestus
686 2137 811 2217 quidam
825 2142 855 2199 et
863 2137 965 2218 aliqua
978 2137 1133 2215 dubitatio,
1150 2136 1177 2196 si
1191 2136 1228 2198 de
1244 2135 1359 2215 ingenti

328 2252 457 2296 numero
481 2234 592 2314 cogites
609 2253 716 2295 eorum
730 2234 784 2315 qui
798 2239 871 2295 tunc
883 2234 915 2294 in
928 2235 1100 2316 periculum
1121 2232 1358 2296 adducebantur.

329 2335 423 2395 Erant
438 2334 531 2413 enim,
549 2334 574 2395 si
590 2333 721 2396 Eusebio
740 2333 834 2395 fidem
848 2332 992 2395 adhibeas
1010 2331 1067 2416 (i),
1083 2332 1232 2412 regiones,
1255 2331 1360 2408 urbes,

328 2431 385 2495 vici
401 2432 569 2495 christianis
589 2431 708 2508 reterti3
733 2438 818 2494 erant
836 2431 868 2492 in
882 2431 1064 2494 exercitibus
1080 2430 1214 2510 legiones
1228 2450 1361 2511 quarum

327 2531 439 2593 milites
454 2530 608 2594 christiani
623 2550 728 2593 omnes
741 2537 838 2610 erant,
860 2549 917 2592 nec
933 2536 1036 2592 temen
1049 2526 1218 2610 provincias
1232 2530 1313 2592 ferro
1332 2538 1363 2594 et

327 2630 397 2710 igne
409 2635 545 2709 vastatas,
562 2629 675 2692 deletas
689 2628 812 2692 omnino
825 2627 918 2691 urbes
927 2627 985 2711 (5),
1001 2646 1121 2690 eversos
1134 2627 1225 2706 vicos,
1241 2647 1299 2690 nec
1317 2629 1360 2690 le-
1518 2615 1519 2678 i

328 2855 389 2908 lacit
410 2855 479 2908 idem
494 2855 640 2908 Lactantius
662 2854 740 2920 (laet.
761 2855 829 2914 dio„
850 2868 876 2917 v,
900 2850 936 2918 2).
956 2852 1071 2905 Libellus
1090 2866 1167 2920 quern
1184 2859 1361 2920 composuerat

326 2939 515 2995 inscribebatur
528 2933 597 3011 λόγοι
610 2936 747 3011 φιλαληθεῖς
759 2936 821 3011 πρὸς
834 2936 891 2998 τοὺς
903 2935 1078 3010 Χριστιανούς.

360 3029 395 3096 (1)
416 3027 557 3080 ‹Conflota
577 3029 631 3080 baec
650 3028 723 3080 Pilati
737 3033 803 3092 acta,
826 3028 896 3078 omni
914 3026 1073 3092 blasphemia¹
1094 3034 1122 3080 et
1135 3028 1250 3081 conuicio
1272 3033 1360 3080 contra

325 3117 454 3168 christum
463 3114 559 3167 referta
566 3115 618 3166 ludi
629 3115 745 3180 magistri
755 3114 852 3181 ubique
858 3126 953 3179 pucros
961 3113 1055 3166 docere
1060 3115 1126 3180 iussi
1136 3121 1206 3167 sunt.
1218 3132 1231 3164 o
1242 3114 1359 3182 (Enseu,

326 3202 399 3254 Hist.
414 3201 513 3260 coclea,
528 3211 566 3262 ιιι,
581 3197 618 3265 i.)
831 3264 833 3268 .

359 3285 397 3351 (2)
411 3285 521 3348 Enseu,
534 3286 607 3338 Birt.
622 3284 720 3345 creba,
735 3295 774 3346 rx,
790 3283 816 3335 t.

360 3368 396 3439 (5)
413 3371 514 3434 linitos,
530 3384 581 3438 quo
597 3383 625 3423 se
639 3369 772 3435 suppliciis
785 3370 969 3432 subducerent,
986 3369 1127 3435 scripturas
1145 3383 1231 3424 sacras
1251 3370 1362 3437 inquisi-

326 3457 426 3510 toribus
439 3457 576 3508 tradidisse
589 3460 691 3508 constat
704 3469 736 3507 ex
750 3469 782 3508 eo
796 3455 866 3521 quod
883 3455 909 3506 ln
931 3455 1052 3520 Ecclesiis
1073 3455 1154 3507 turbae
1175 3461 1264 3521 postea
1284 3462 1361 3508 motae

326 3545 388 3596 sint.
403 3543 466 3594 ilinc
481 3543 632 3595 traditorum
646 3555 740 3593 nomen
754 3541 864 3603 iniame;
879 3541 940 3593 binc
959 3541 1146 3593 Donatistarum
1160 3545 1187 3592 et
1205 3540 1360 3592 Novatiano-

327 3642 383 3679 rum
402 3632 479 3678 sectae
497 3627 591 3692 quibus
608 3626 635 3676 in
649 3625 730 3676 Africa
748 3631 775 3677 et
792 3626 818 3675 in
833 3625 936 3678 oriente
954 3625 999 3676 diu
1016 3625 1131 3677 Ecclesia
1150 3625 1231 3677 divisa
1248 3625 1306 3677 suit.
1328 3652 1360 3662 -

326 3713 383 3764 vid.
399 3711 426 3762 S.
441 3711 540 3774 orror,
555 3710 600 3762 lib.
617 3722 636 3761 ι.
650 3737 683 3747 -
696 3710 752 3761 vid.
769 3710 875 3772 Euesa,
890 3711 963 3761 Eiet.
977 3711 1077 3770 eccles„
1091 3720 1147 3774 uu,
1162 3722 1187 3761 c.
1202 3708 1227 3762 t.
1245 3736 1277 3748 -
1291 3711 1359 3762 Gon-

326 3798 411 3850 cilium
426 3797 586 3861 Ancyranum
600 3795 669 3862 (iii)
684 3794 717 3846 do
731 3796 815 3858 lapsis
828 3795 882 3846 sere
895 3800 978 3846 totum
993 3801 1042 3846 est.

359 3880 394 3950 (i)
413 3881 441 3932 ln
463 3882 537 3932 Actia
561 3880 799 3934 sanctimonium·
818 3877 958 3946 (Rutulus,
976 3893 1002 3943 p.
1021 3878 1081 3941 tii,
1102 3876 1171 3942 275).
1186 3879 1266 3940 Lento
1283 3878 1361 3930 Folio

325 3975 351 4020 ei
364 3969 445 4030 Lento
462 3967 572 4018 Ttebaeo
584 3965 704 4026 citantur,
716 3969 745 4015 ui
757 3977 790 4015 ex
804 3963 949 4016 christianis
963 3965 1066 4016 omnino
1079 3963 1203 4016 conflatae.

358 4055 456 4117 Quanta
479 4052 556 4103 luerit
577 4050 774 4102 christianorum
792 4049 930 4101 multitudo
951 4063 984 4102 ex
1009 4062 1041 4101 eo
1063 4050 1140 4101 etiam
1161 4049 1253 4115 conjici
1275 4052 1360 4114 potest

325 4139 395 4206 quod
408 4137 580 4190 Diocletianus
590 4135 696 4188 instanti
706 4134 808 4187 Galerio
819 4135 959 4201 objiciebat
970 4134 1142 4200 perniciosum
1154 4147 1211 4187 esse
1224 4152 1237 4182 a
1249 4134 1358 4198 inquie-

326 4228 382 4278 toti
395 4226 485 4276 orbem
498 4225 585 4275 terra.
602 4241 615 4269 o
635 4220 737 4289 (tucn,
752 4223 791 4273 De
801 4224 883 4273 mort.
895 4223 1039 4286 persecut„
1055 4233 1078 4271 c.
1095 4218 1133 4286 2.)

295 4303 296 4307 ’
359 4307 393 4376 (a)
408 4308 536 4362 Eusebius
548 4314 634 4360 umen
650 4307 731 4375 (Hirt.
746 4307 846 4364 eccles,
860 4317 916 4370 un,
933 4305 973 4372 ll)
997 4310 1025 4357 et
1042 4305 1187 4358 Lactantius
1205 4306 1280 4370 linet.
1300 4303 1357 4356 div.
