3054 5046
772 535 971 595 -ρο,

377 667 522 730 Nonnulli
535 669 715 730 contendere
736 669 793 730 sub
814 669 863 730 his
884 668 983 730 verbis
1005 685 1164 734 msrmcrv
1182 687 1366 735 niviumerrs

335 766 401 827 haec
410 765 501 827 verba
510 784 600 828 uvrv.
616 783 709 829 rous,
722 785 752 829 o.
765 784 800 828 u.
816 766 907 827 oblita
919 766 1031 842 latere3
1044 772 1073 828 et
1087 773 1168 829 certe
1183 769 1367 850 quicumque

334 864 558 945 inscriptionem
568 863 649 926 banc
656 865 775 927 attentis
785 866 880 926 oculis
889 866 935 926 vel
950 885 986 926 ex
1000 866 1142 928 inferiore
1153 887 1209 928 nec
1219 868 1290 928 satis
1300 888 1366 948 pro-

332 963 487 1042 pioreloco
495 963 641 1044 inspiciet,
649 964 677 1024 ei
685 964 1245 1027 manifestumeritinhocversuinesse
1253 967 1366 1046 aliquid

334 1060 471 1120 mendosi
493 1065 522 1120 et
550 1060 707 1122 obliterati.
731 1061 817 1133 Quod
839 1061 963 1140 quidem
983 1061 1173 1123 doctissimus
1194 1065 1366 1126 Henzenius

332 1156 365 1216 in
384 1158 466 1218 hunc
485 1159 611 1218 modum
627 1163 775 1218 testatur:
797 1159 931 1219 «Verba
947 1176 1106 1222 lnsrmcrv
1126 1178 1313 1223 murmuris
1335 1163 1365 1223 in

332 1252 423 1314 litura
439 1256 534 1334 posita
549 1261 619 1316 sunt
636 1275 642 1315 :
659 1275 765 1316 eorum
779 1258 844 1318 loco
861 1257 933 1316 olim
947 1256 1039 1317 verba
1052 1257 1228 1335 legebantur
1245 1278 1252 1318 :
1272 1278 1362 1322 uvrv.
1397 1255 1400 1264 '

331 1368 425 1414 lovis,
446 1371 475 1414 o.
496 1372 530 1414 u.
553 1373 682 1432 quorum
701 1355 824 1433 vestigia
843 1356 914 1415 satis
928 1355 1008 1416 clara
1024 1355 1123 1416 adhuc
1145 1363 1262 1417 exstare
1277 1357 1362 1417 affir-

329 1451 422 1512 mavit
437 1451 512 1511 mihi
528 1451 574 1512 vir
591 1453 715 1532 quidam
730 1453 774 1515 rei
789 1452 986 1533 epigraphicae
1006 1453 1221 1532 peritissimus,
1246 1455 1295 1515 cui
1313 1455 1361 1515 in-

329 1550 523 1629 scriptionem
545 1570 637 1630 prope
658 1551 795 1614 intuendi
815 1559 844 1614 et
867 1552 1006 1614 manibus
1027 1554 1229 1614 contrectandi
1250 1552 1363 1615 occasio
1436 1538 1441 1545 ’

329 1647 428 1709 iuerat
442 1647 498 1730 (l).
524 1668 539 1708 ))

370 1746 522 1806 Caeterum
540 1767 604 1808 vox.
618 1767 653 1808 ea
668 1749 821 1808 diuinitas
839 1747 907 1809 talis
921 1753 985 1808 erat
1007 1767 1076 1827 quae
1096 1755 1126 1809 et
1145 1748 1320 1829 philosopho
1335 1755 1364 1810 et

330 1842 464 1902 Deorum
484 1844 620 1903 sectatori
636 1849 666 1904 et
680 1844 840 1904 christiano
853 1844 965 1923 pariter
980 1845 1097 1923 placere
1108 1851 1218 1924 posset.
1235 1847 1364 1907 Interea
1440 1901 1448 1914 ‚

329 1961 397 2022 quae
418 1944 545 2022 hujusce
562 1963 651 2004 arcus
671 1945 765 2005 latera
783 1945 924 2005 decorant
943 1947 1153 2006 suovetaurilia
1169 1952 1199 2006 et
1214 1947 1362 2026 insculpta

329 2039 475 2100 sacrificia
485 2040 653 2118 finguntur,
668 2041 807 2101 labarum
822 2042 935 2104 ibidem
950 2047 979 2103 et
993 2044 1090 2103 crucis
1104 2045 1236 2122 effigiem
1250 2045 1361 2105 frustra

329 2137 478 2217 requires.
496 2138 616 2198 Constat
629 2144 730 2199 autem
743 2140 821 2199 inter
835 2159 940 2202 omnes
953 2160 1029 2220 opus
1041 2142 1117 2202 illud
1133 2143 1286 2203 nonnullis
1297 2147 1362 2222 post

329 2234 478 2295 devictum
493 2235 679 2295 Maxentium
689 2236 776 2296 annis
786 2237 955 2298 dedicatum
969 2239 1081 2313 suisse3
1097 2259 1157 2318 quo
1172 2241 1197 2300 si
1211 2241 1357 2301 Constan-

327 2331 411 2392 tinus
423 2352 481 2392 non
491 2333 628 2393 Pontifex
637 2333 787 2393 Maximus
797 2335 982 2412 inscribitur,
994 2336 1068 2397 nihil
1079 2338 1149 2397 inde
1159 2338 1360 2417 colligendum

329 2435 385 2506 est,
401 2431 544 2508 quoniam
559 2430 671 2510 pariter
689 2431 797 2491 desunt
812 2433 904 2493 solitae
919 2432 984 2493 aliae
999 2435 1166 2496 mentiones
1181 2440 1214 2496 ut
1227 2435 1357 2497 tribuni-

326 2526 374 2588 tiae
389 2528 551 2607 potestatis,
567 2529 754 2606 consulatus,
770 2535 826 2591 etc.

366 2625 540 2705 Antequam
549 2627 646 2687 Roma
656 2626 864 2705 digrederetur
872 2627 1083 2689 Constantinus
1091 2627 1147 2711 (2),
1157 2630 1359 2708 magistratus

329 2721 443 2783 Licinio
461 2723 679 2799 subscribente,
696 2723 791 2783 edicto
808 2725 939 2802 monuit,
955 2744 994 2785 ne
1010 2726 1084 2803 quid
1101 2727 1245 2788 molestiae
1263 2729 1359 2789 chris·

329 2819 417 2881 tianis
433 2823 544 2882 aliisve
554 2825 643 2882 sectis
654 2827 775 2901 propter
789 2822 948 2900 religiones
962 2823 1153 2885 facesserent.
1165 2825 1260 2904 Cujus
1273 2824 1361 2886 edicti

329 2920 468 2980 meminit
482 2919 632 2980 Eusebius
646 2918 702 3000 (3),
717 2938 773 2979 nec
789 2920 859 2979 satis
874 2924 987 2980 constat
1001 2922 1088 2999 cujus
1103 2923 1222 3000 generis
1239 2927 1269 2983 et
1282 2942 1358 3002 que-

330 3018 528 3084 madmodum
538 3036 678 3078 concessa
692 3018 801 3096 cuique
812 3018 958 3096 sequendi
972 3037 1064 3097 quam
1073 3021 1162 3080 vellet
1172 3021 1359 3100 religionem,

329 3123 460 3198 potestas
475 3121 599 3196 pateret,
611 3121 641 3176 et
654 3115 855 3176 diversissime
868 3116 945 3176 illud
959 3123 1095 3180 auctores
1105 3120 1303 3181 recentissimi
1317 3120 1361 3180 in·

360 3355 397 3423 (1)
413 3358 541 3417 Hennam,
553 3356 696 3407 Oretltonae
710 3355 827 3411 collect„
838 3354 888 3407 vol.
899 3357 1013 3416 tertium,
1028 3370 1055 3420 p.
1068 3357 1125 3416 115,
1139 3363 1195 3407 not.
1207 3357 1232 3406 iu
1244 3363 1274 3408 11ο
1286 3359 1360 3410 1015.

329 3471 361 3481 -
376 3443 419 3492 Vir
431 3442 473 3492 ille
487 3441 656 3505 epigrapbicae
672 3440 709 3490 rei
723 3439 903 3504 peritissimus
918 3441 991 3503 cuius
1004 3442 1149 3492 testimonio
1161 3441 1304 3494 llenzenius
1319 3445 1361 3494 ni-

329 3529 392 3579 titur
406 3527 460 3590 ipse
475 3532 514 3577 est
528 3526 760 3576 desideratissimus
775 3525 939 3587 Borghesius
958 3539 1034 3589 quem
1054 3527 1202 3577 nomimtim
1220 3527 1362 3580 inscribere

331 3613 414 3663 noluit
426 3616 525 3673 auctor,
544 3625 577 3660 ne
591 3611 652 3674 qnid
664 3611 749 3660 Romae
766 3608 913 3660 offensionis
931 3609 980 3660 ista
994 3612 1091 3661 mentio
1106 3612 1219 3663 traheret
1232 3612 1300 3677 apud
1314 3613 1362 3664 ho-
1388 3601 1392 3606 ⁵

330 3698 413 3749 mines
432 3710 482 3746 non
506 3696 569 3746 satis
591 3695 705 3744 veritatis
730 3695 810 3744 totius
832 3697 959 3756 curiosos,
982 3701 1008 3746 et
1028 3697 1076 3759 ipsi
1098 3697 1237 3761 Borglresio
1258 3699 1363 3750 noceret

329 3781 516 3836 testimonium.
529 3779 632 3830 Scilicet
646 3778 689 3829 ilie
702 3785 772 3829 stans
786 3778 811 3827 in
827 3780 968 3842 applicatis,
983 3793 1058 3830 arcus
1072 3783 1206 3844 reparandi
1220 3796 1307 3842 eausa,
1322 3789 1363 3833 ta-

329 3869 433 3930 bulatis,
449 3866 530 3917 oculis
548 3871 574 3914 et
592 3864 709 3914 manibus
725 3863 930 3915 manifestissime
948 3864 1049 3915 iitmum
1062 3865 1255 3929 deprehendere
1269 3869 1361 3932 potuit,

326 3969 402 4020 qnam
416 3953 525 4003 obscure
537 3952 598 4013 ipsae
612 3949 817 4012 photograpliieae
831 3949 927 4012 effigies
936 3949 1061 4008 indicant.

364 4040 399 4105 tt)
417 4041 522 4089 Romam
534 4037 575 4088 die
590 4037 704 4086 octobris
717 4047 783 4084 xxix
797 4036 929 4100 ingressus
943 4036 1123 4087 Constantinus
1135 4036 1175 4086 six
1190 4036 1255 4088 diros
1266 4036 1363 4090 solidos

328 4140 432 4179 meuses
450 4127 476 4174 in
497 4124 561 4174 urbe
584 4121 706 4185 explerit.
729 4121 801 4182 Quod
822 4127 931 4170 testatur
954 4121 1074 4170 ltnzarius
1093 4136 1100 4170 ι
1118 4139 1131 4166 o
1154 4121 1281 4187 Quidquid
1302 4122 1364 4174 mali

327 4211 449 4266 sexennio
464 4217 518 4260 toto
533 4209 672 4259 dominatio
688 4207 773 4257 ieratis
787 4206 923 4268 inflixerat,
938 4205 1071 4258 bimestris
1084 4207 1139 4258 lere
1150 4220 1210 4260 cura
1223 4210 1332 4260 sanavit.
1347 4227 1360 4255 11

359 4300 394 4364 (5)
412 4297 518 4357 Enseu,
533 4297 604 4347 Hist.
620 4295 719 4351 eccles..
735 4303 761 4354 x,
777 4293 803 4342 5.
