3054 5046
592 545 750 608 ..83-

154 677 302 761 episcopis
314 676 434 742 arbitris
448 682 478 738 et
487 677 641 756 judicibus
651 677 695 738 uti
704 675 925 758 permiserunt,
937 674 990 736 sed
1002 694 1063 740 non
1077 673 1182 736 nisiex

153 795 302 838 consensu
317 774 460 856 partium,
476 793 531 835 nec
540 774 683 834 nisiinter
697 773 873 834 christianos
886 771 1033 852 litigantes
1048 771 1110 854 (1);
1126 792 1181 834 nec

153 877 339 956 principibus
352 875 384 934 in
398 879 532 935 mentem
539 874 657 936 venisse
670 873 787 934 videtur
798 873 953 935 hominem
963 873 1086 934 alterius
1094 879 1182 934 sectae

153 972 303 1034 ordinario
324 972 421 1052 judici
440 972 617 1034 subtrahere
640 976 670 1032 et
693 971 847 1032 christiani
870 970 1001 1052 episcopi
1023 970 1183 1049 cognitioni

155 1071 299 1134 subdere.
313 1071 409 1132 Iidem
422 1069 574 1160 principes
587 1070 694 1130 eodem
706 1089 802 1148 anno,
819 1069 972 1130 nonnullis
987 1073 1055 1130 ante
1068 1068 1182 1128 mensi-

152 1167 212 1230 bus
226 1168 284 1250 (2),
298 1169 410 1230 Judaeis
426 1171 645 1245 concesserant,
656 1172 690 1228 ut
699 1167 789 1228 etiam
801 1166 880 1227 inter
893 1167 1031 1226 homines
1046 1165 1184 1244 ejusdem

157 1272 258 1344 sectae,
273 1285 334 1328 non
349 1267 437 1328 modo
449 1266 482 1325 in
496 1265 588 1326 rebus
602 1265 639 1328 ad
653 1285 741 1328 suam
758 1264 934 1344 religionem
948 1264 1182 1345 pertinentibus,

155 1365 208 1426 sed
228 1363 319 1426 etiarn
336 1363 368 1424 in
390 1363 528 1424 civilibus
546 1363 672 1443 negotiis
686 1362 862 1444 patriarchis
873 1362 1037 1442 judicibuS,
1053 1362 1097 1422 uti
1110 1381 1181 1442 pos-

155 1464 231 1521 sent.
243 1460 454 1540 Quodquidem
462 1460 651 1540 privilegium
659 1479 737 1521 anno
748 1460 885 1539 sequenti
895 1461 958 1521 fere
966 1459 1119 1534 sublatum
1128 1459 1185 1519 fuit

155 1577 210 1618 nec
223 1558 283 1618 nisi
300 1558 337 1619 de
354 1557 513 1636 religione,
532 1557 679 1637 episcopis
698 1561 728 1617 et
742 1558 844 1617 forsan
867 1556 1043 1638 patriarchis
1060 1556 1182 1618 Judaeo·
1256 1596 1262 1602 -

155 1674 225 1716 rum
236 1655 373 1736 judicare
387 1655 572 1734 permissum
587 1654 643 1738 (3).

193 1753 269 1831 Sed,
293 1753 426 1830 omissis,
455 1772 523 1832 quae
546 1753 583 1813 de
602 1753 764 1834 episcopali
781 1752 988 1832 jurisdictione
1001 1752 1039 1813 ab
1052 1752 1185 1814 Honorio

154 1855 258 1929 postea
282 1850 393 1910 sancita
415 1850 550 1927 fuerunt,
572 1850 622 1910 lex
645 1870 706 1912 una
730 1850 915 1918 Constantini
938 1851 1004 1912 data
1024 1850 1184 1930 primodie

155 1949 269 2010 mensis
283 1949 429 2026 octobris,
446 1949 539 2010 Basso
553 1954 584 2010 et
597 1949 720 2010 Ablavio
735 1950 924 2028 consulibus,
935 1949 1023 2010 idest
1035 1969 1113 2010 anno
1126 1949 1182 2010 331

156 2048 228 2106 huic
240 2047 311 2125 legi,
327 2047 363 2108 de
377 2066 437 2126 qua
449 2047 615 2126 loquimur,
636 2067 790 2127 quamque
808 2048 1019 2110 Tillemontius
1038 2048 1185 2110 acerrime

155 2144 288 2206 defendit
301 2144 363 2225 (4),
380 2145 500 2226 penitus
514 2163 683 2226 repugnare
696 2146 823 2206 videtur.

236 2339 318 2418 Imp.
338 2339 567 2401 Constantinus
584 2340 622 2400 A.
641 2341 858 2402 adnntnersos
871 2341 1101 2404 Provinciales.

195 2552 211 2592 a
233 2535 330 2595 Nemo
353 2539 420 2613 post
438 2534 523 2595 litem
543 2539 737 2595 contestatam
761 2535 919 2596 ordinariae
949 2537 1028 2597 sedis
1053 2539 1184 2600 declinet

157 2648 173 2689 1
195 2650 322 2692 examen
338 2650 344 2690 :
360 2651 417 2692 neo
431 2632 517 2710 prius
538 2631 670 2710 praefecti
681 2632 819 2710 praetorio
838 2630 972 2693 Orientis
995 2633 1041 2695 vel
1061 2635 1185 2695 alterius

157 2748 173 2788 n
196 2730 333 2808 specialis
338 2730 450 2808 judicis
463 2731 605 2810 imploret
614 2730 761 2790 auxilium
773 2749 779 2790 :
790 2730 844 2791 sed
857 2732 1054 2812 appellatione
1067 2733 1185 2812 legibus

158 2848 173 2889 1
195 2831 282 2908 facta,
294 2831 462 2891 adsacrum
476 2829 659 2892 auditorium
672 2831 770 2891 veniat
778 2829 838 2914 (5)
864 2849 879 2891 t)

196 2929 387 3009 Quaquidem
403 2929 469 3009 lege
490 2948 551 2990 non
571 2929 660 2990 modo
676 2929 820 2990 definitur
833 2936 867 2990 ut
886 2932 1106 3013 unusquisque,
1123 2935 1182 2996 sive

156 3030 286 3091 alterum
299 3030 392 3110 injus
407 3030 553 3091 vocaverit
567 3029 627 3091 sive
641 3029 677 3090 ab
692 3029 785 3091 altero
803 3031 893 3093 fuerit
908 3039 1043 3113 vocatae,
1059 3035 1190 3097 ordina-v

156 3129 200 3190 rio
220 3129 284 3188 foro
299 3147 330 3187 se
345 3127 523 3188 subtrahere
537 3146 598 3188 non
621 3127 726 3207 possit,
742 3129 823 3207 quod
839 3130 918 3209 jam,
938 3150 1008 3191 cum
1028 3132 1093 3211 lege
1107 3151 1184 3212 prae·

156 3226 233 3287 dicta
245 3226 283 3286 ad
295 3226 455 3287 Ablavium
465 3245 575 3307 parum
585 3225 712 3304 quadrat
723 3245 732 3300 3
744 3226 797 3288 sed
808 3228 928 3306 speciali
942 3230 1115 3309 praescripto
1129 3249 1180 3291 ca·

155 3330 253 3402 vetur,
268 3343 306 3384 ne
320 3324 390 3403 quis
403 3324 441 3384 ad
454 3324 554 3384 ullum
570 3323 731 3404 specialem
741 3325 876 3402 judicem
889 3326 1049 3404 confugiat,
1063 3327 1116 3388 sed
1130 3327 1183 3388 liat

156 3422 255 3482 solum
272 3421 309 3483 ab
328 3421 480 3484 ordinaria
503 3421 574 3484 sede
594 3421 778 3499 adsacrum,
798 3423 830 3483 id
845 3428 890 3485 est
906 3423 1049 3505 principis
1062 3425 1179 3487 audito·

156 3518 248 3597 rium,
266 3518 444 3599 provocatio.

188 3722 224 3788 (1)
243 3723 285 3776 1111
296 3724 339 3774 lex
351 3729 392 3775 est
405 3724 458 3774 (111.
469 3734 496 3774 vr
510 3723 561 3774 kal.
572 3737 632 3790 aug.
648 3725 778 3776 11111598.
794 3727 868 3788 (cod.
882 3729 965 3787 Just..
981 3739 1000 3791 r,
1014 3713 1040 3787 t.
1056 3729 1092 3796 7.)

190 3807 225 3874 (1)
243 3808 278 3860 lla
292 3809 333 3860 lex
344 3814 385 3859 est
394 3809 448 3860 dat.
458 3821 519 3859 non.
532 3808 600 3860 febr.
612 3810 740 3862 1111ιὶ598.
753 3811 828 3873 (cod.
844 3812 950 3870 Theod..
966 3825 994 3874 n,
1007 3820 1027 3863 t.
1040 3814 1063 3873 1,
1079 3814 1096 3865 1.
1109 3816 1159 3877 10.)
1232 3838 1237 3846 ·

189 3891 225 3959 (5)
242 3894 365 3955 Quotiens
384 3893 416 3942 de
438 3893 561 3957 religione
584 3894 669 3958 agitur
689 3895 823 3958 episcopos
845 3898 963 3948 convenit
984 3898 1116 3962 Judlcere:
1131 3912 1184 3950 cae-

157 3981 226 4027 teras
240 3991 300 4028 vero
316 3990 417 4036 causas,
442 3989 498 4042 quae
518 3978 549 4026 ad
569 3977 712 4028 ordinarios
733 3981 878 4042 cognitores
894 3982 931 4034 vel
947 3981 980 4032 ad
1000 3995 1075 4033 usum
1089 3984 1184 4047 publici

155 4059 220 4122 juris
233 4063 370 4124 pertinent,
386 4060 488 4126 legibus
498 4068 600 4124 oportet
613 4062 706 4112 audiri.
716 4073 763 4112 xnt
774 4063 825 4114 kal.
839 4071 905 4129 sept.
916 4066 976 4118 599.
989 4066 1064 4129 (dod.
1077 4070 1183 4129 Tneod„

160 4157 213 4206 xvi,
229 4153 248 4198 t.
261 4147 317 4209 1,1.
330 4147 364 4211 1.)

190 4235 222 4295 (tl
243 4236 361 4286 Histoire
377 4236 420 4286 des
432 4236 602 4297 anpereun,
617 4238 636 4284 1.
653 4232 693 4294 lV,
709 4246 735 4296 p.
751 4233 810 4296 115,
826 4237 885 4299 1116,
900 4244 927 4289 et
941 4239 1075 4302 inuoluta,
1087 4255 1113 4305 p.
1124 4238 1183 4289 6111.

192 4317 227 4384 (5)
247 4321 308 4372 Cod.
320 4322 403 4378 Just..
418 4319 465 4372 lib.
480 4329 519 4380 tn,
536 4318 575 4367 tit.
592 4317 634 4375 to,
649 4315 704 4366 te.
