3054 5046
628 507 807 569 -103-

204 652 234 706 et
247 645 424 725 praecipuae
439 643 580 704 Bimardo
590 643 654 703 fere
667 643 854 718 exhaustam,
866 643 1009 721 quoniam
1022 641 1101 704 intra
1115 645 1225 705 arctio-

205 763 253 805 res
267 744 344 805 fines
354 742 569 818 contraximus,
581 741 701 820 plenius
714 741 835 802 tractari
849 759 936 820 posse
949 740 1142 802 credidimus
1160 742 1226 804 Seiu

203 843 270 903 licet
281 842 410 920 legibus,
426 847 456 901 et
469 839 620 920 rescriptis
632 839 827 916 Constantini,
837 845 869 900 'et
882 840 934 919 qui
945 840 982 900 ad
996 859 1067 901 eum
1077 841 1227 921 pertinent
1251 863 1254 868 ·

124 1019 126 1024 Ι
201 940 296 1001 titulis
317 941 474 1018 diligenter
495 939 640 1015 excussis,
662 937 861 1016 expendimus
881 958 940 1018 quo
962 957 994 999 se
1013 923 1227 1001 Constantinus

203 1038 338 1100 modain
355 1038 481 1117 gentiles
497 1037 633 1116 gesserit,
650 1055 830 1115 persuasum
844 1035 987 1098 hahentes
1007 1057 1044 1098 ex
1057 1039 1113 1098 hac
1126 1037 1225 1099 inves-

201 1137 341 1216 tigatione
353 1141 470 1197 tantum
484 1135 673 1196 manifestam
688 1153 753 1194 rem
764 1135 800 1194 de
810 1153 870 1213 qua
879 1135 987 1213 agitur,
1000 1136 1135 1196 futuram
1149 1155 1225 1197 esse.

159 1294 160 1297 ,
241 1234 319 1295 Satis
332 1235 389 1295 erit
409 1233 434 1293 si
444 1235 527 1313 jam,
547 1231 629 1312 quod
642 1250 696 1292 nos
715 1237 866 1294 assecutos
886 1251 952 1292 esse
966 1233 1162 1309 confidimus,
1179 1233 1228 1294 hic

200 1333 376 1395 brevissime
390 1334 634 1412 complectamur.

105 1427 106 1430 ’
241 1431 403 1492 Constantii
423 1430 516 1509 patris
533 1429 682 1508 exempla,
703 1430 790 1507 cujus
813 1429 1044 1508 aequanimitate,
1071 1431 1145 1490 dum
1168 1449 1227 1491 eae·

200 1527 272 1588 teris
291 1528 323 1588 in
342 1526 500 1607 provinciis
513 1532 635 1606 propter
649 1526 807 1604 religiones
821 1526 1007 1604 turbaretur,
1024 1527 1127 1588 Galliae
1140 1533 1224 1589 tran·

200 1625 302 1704 quillae
316 1631 345 1686 et
359 1643 511 1704 prosperae
525 1632 715 1699 manserant;
726 1624 870 1702 temporis
883 1624 1009 1703 hujusce
1020 1625 1224 1704 intelligentia,

199 1741 260 1800 quo
281 1724 346 1802 ipsa
368 1740 552 1802 paganorum
571 1721 732 1781 multitudo
752 1723 849 1782 illatas
872 1722 1040 1782 christianis
1058 1713 1231 1787 vexationes

199 1821 390 1899 explodebat,
407 1826 437 1880 et
452 1839 557 1899 paoem
574 1820 632 1898 ipsi
653 1819 770 1880 Christo
786 1825 887 1900 petere
900 1819 1073 1896 videbatur3
1091 1832 1227 1884 veterum

198 1918 377 1997 negligentia
391 1919 537 1992 deorum;
552 1917 679 1998 publicae
697 1918 830 1978 utilitatis
848 1923 1020 1997 respectus3
1039 1926 1180 1999 concepta
1195 1922 1227 1982 in
1299 1941 1300 1946 ¹

197 2022 405 2095 persecutores
419 2017 601 2095 eosdemque
615 2016 735 2095 imperii
748 2016 874 2078 aemulos
890 2016 975 2091 odia3
994 2017 1031 2078 ad
1047 2018 1112 2078 haec
1125 2019 1225 2082 forsan

197 2115 297 2176 debita
313 2115 545 2176 christianorum
563 2115 680 2194 corpori
697 2115 801 2194 gratia,
820 2115 884 2194 qui,
905 2115 941 2174 iis
961 2115 1071 2194 quibus
1091 2123 1226 2196 poterant

197 2215 305 2296 opibus
320 2215 511 2277 Constantino
526 2215 558 2275 in
567 2215 684 2276 Italiam
699 2222 801 2276 contra
813 2214 997 2276 Maxentium
1010 2218 1160 2296 pergenti,
1178 2219 1192 2278 f
1209 2254 1222 2265 -

196 2321 300 2376 verant
316 2334 323 2374 :
340 2315 400 2376 illae
418 2320 506 2392 sunt,
522 2334 590 2375 meo
610 2315 734 2394 quidem
745 2314 875 2393 judicio,
891 2315 979 2375 edicti
995 2313 1224 2378 Mediolanensis

124 2489 126 2494 Α
196 2432 305 2490 causae,
320 2433 381 2493 quo
394 2413 547 2474 christiani
557 2430 662 2492 pacem
676 2418 706 2472 et
719 2412 886 2473 libertatem
896 2433 957 2473 non
970 2414 1110 2474 continuo
1123 2415 1221 2494 impe-

124 2577 131 2584 ,
196 2512 278 2573 rium
291 2511 390 2591 adepti
405 2517 485 2572 sunt.

235 2610 282 2670 nh
293 2609 349 2670 hoc
363 2609 458 2670 edicto
469 2627 567 2687 usque
579 2607 617 2668 ad
627 2607 804 2668 defunctum
817 2608 984 2685 Licinium,
1001 2609 1083 2670 haud
1093 2610 1153 2671 seio
1162 2630 1222 2690 qua

195 2713 297 2768 mente
311 2707 523 2769 Constantinus
540 2711 656 2766 veteres
679 2705 838 2785 religiones
860 2707 996 2784 coluerit,
1013 2714 1137 2770 atcerte
1156 2729 1217 2785 eas,

195 2807 270 2886 quin
278 2806 372 2867 veteri
385 2807 422 2866 de
437 2823 521 2866 more
535 2803 654 2884 publice
669 2803 789 2880 fierent,
801 2804 927 2865 mnime
940 2805 1043 2865 vetuit.

233 2902 375 2982 Quinque
384 2904 466 2982 leges
480 2902 517 2963 de
532 2901 624 2963 sacris
638 2901 795 2981 gentilium
810 2902 902 2962 rebus
917 2902 1103 2962 Constantini
1116 2903 1217 2965 citavi-

194 3019 293 3061 muse
308 3001 419 3080 quibus
433 3005 556 3080 apparet
568 3018 640 3059 eum
652 2999 762 3059 veteris
778 3000 877 3059 cultus
884 2999 1019 3078 judicem
1033 3007 1062 3061 et
1078 3002 1217 3064 modera-

193 3104 300 3176 torem,
317 3099 348 3158 id
367 3103 413 3159 est
429 3097 606 3159 Pontificem
619 3096 786 3159 Maximum
805 3097 919 3175 egisse,
939 3097 997 3158 nisi
1014 3098 1082 3177 quis
1101 3105 1221 3160 conten·

193 3197 264 3257 dere
285 3196 355 3256 velit
371 3194 510 3257 Pontifici
528 3193 660 3255 Maximo
681 3194 838 3255 observare
856 3214 916 3254 non
933 3195 1065 3271 licuisse,
1090 3215 1128 3256 ne
1147 3197 1226 3276 quid

192 3299 294 3354 contra
306 3295 388 3372 leges
405 3285 508 3368 tieret,
523 3311 690 3370 omnesque
707 3291 794 3368 ritus,
814 3291 998 3371 quicumque
1012 3299 1127 3371 essent,
1145 3314 1217 3374 pro-

190 3391 360 3470 batissimos
373 3391 485 3452 habere
504 3409 575 3452 eum
595 3390 746 3450 debuisse.
764 3390 842 3450 Cum
855 3410 925 3451 vero
940 3392 1061 3470 privatae
1074 3393 1216 3472 haruspi-

190 3489 264 3550 cinae
278 3509 381 3567 usum,
402 3496 432 3550 et
446 3490 561 3550 occulta
580 3487 735 3563 sacrificia,
752 3493 782 3547 et
794 3487 954 3564 maleficia,
969 3495 999 3550 et
1015 3489 1219 3551 veneticorum

190 3590 311 3650 fraudes
325 3589 497 3670 prohiberet
508 3588 735 3669 Constantinus,
755 3607 840 3649 saera
853 3593 957 3650 vetera
969 3589 1110 3650 tuebatur
1123 3595 1153 3650 et
1165 3610 1216 3651 ro·

190 3705 286 3748 manae
300 3687 436 3766 religioni
455 3688 640 3765 consulebat,
659 3687 773 3748 nedum
792 3705 859 3747 eam
878 3692 1034 3763 everteret,
1051 3706 1111 3748 uno
1127 3689 1217 3750 verbo

189 3784 365 3846 Pontificem
375 3784 542 3844 Maximum
552 3785 667 3862 agebat.
681 3784 759 3844 Cum
769 3789 881 3844 vetaret
893 3802 931 3844 ne
942 3782 1010 3862 quis
1020 3782 1217 3846 christianum

189 3882 315 3943 invitum
322 3883 361 3942 ad
371 3881 589 3942 sacrificiorum
599 3882 694 3942 lustra
704 3880 908 3960 compelleret,
919 3879 1048 3940 libertati
1057 3879 1216 3942 Mediolani
1231 3933 1234 3940 ,

190 3985 264 4045 datae
277 3984 459 4064 invigilabat,
474 4003 530 4044 neo
543 3990 607 4045 erat
621 4003 692 4044 sane
705 3983 847 4054 Maxentii
854 3983 983 4060 viatoris,
996 4003 1051 4044 nec
1063 3983 1216 4045 Pontificis

189 4081 321 4159 Maximi,
342 4082 379 4142 iis
399 4081 509 4162 quibus
528 4082 619 4153 saeris
637 4081 765 4162 publicis
788 4081 937 4142 abstinere
956 4101 993 4142 ex
1009 4080 1127 4160 legibus
1142 4101 1213 4160 per·

188 4178 362 4241 mittebatur
374 4179 518 4258 injuriam
528 4179 685 4256 exhibere,
700 4185 752 4241 aut
765 4180 878 4241 illatam
888 4179 958 4260 pati.

228 4279 273 4338 Ex
288 4277 422 4340 nummis
438 4296 508 4338 vero
523 4282 553 4339 et
565 4277 671 4355 titulis,
689 4284 723 4339 ut
735 4277 876 4355 vidimus,
892 4278 1119 4341 Constantinum
1135 4278 1215 4341 clare
