3054 5046
774 556 935 618 ..69-

340 691 472 773 plurima
485 689 597 752 mentio
611 696 716 753 exstat.
730 691 901 754 Chronicon
911 710 981 752 vero
995 688 1236 752 Alexandrinum
1249 697 1279 752 et
1292 691 1365 754 His·

338 790 422 850 toriae
432 788 600 868 Byzantinae
610 793 747 850 auctores
756 788 906 850 institutas
919 788 1057 864 tradunt,
1069 788 1143 848 dum
1155 787 1365 850 Constantino-

255 923 262 937 ·
339 887 415 967 polis
443 887 646 962 dedicaretur,
673 891 703 946 et
723 875 819 966 ipsius
842 885 1027 948 Constantini
1046 886 1153 965 jussu,
1182 886 1369 948 caerimonias

338 984 497 1063 quasdam,
509 988 538 1044 et
552 988 651 1044 erecta
661 984 801 1062 quaedam
815 982 986 1060 simulacra,
1003 1002 1070 1063 quae
1085 983 1196 1062 omnia,
1212 984 1295 1044 haud
1308 984 1368 1046 scio

338 1100 378 1142 an
391 1083 436 1143 vir
449 1081 584 1162 apprime
599 1077 782 1142 christianus
796 1081 928 1159 fecisset,
941 1087 970 1142 et
984 1081 1137 1142 erexisset.

378 1181 482 1253 Quum
493 1181 761 1261 Constantinopolis
774 1181 888 1270 maenia
905 1181 1128 1260 Constantinus,
1144 1183 1261 1242 hastam
1275 1201 1369 1243 manu

336 1285 452 1357 benene,
491 1280 689 1357 describeret,
718 1279 843 1360 Sopater
865 1279 1088 1360 neoplatonicus
1114 1279 1310 1360 philosophus
1340 1286 1370 1341 et

337 1376 535 1438 Praetextatus
549 1377 698 1456 pontifex,
715 1377 805 1439 ambo
819 1378 937 1458 pagani,
953 1377 1134 1440 solemnitati
1147 1383 1296 1456 praeerant
1310 1376 1365 1459 (l).

338 1474 454 1536 Deinde
466 1494 538 1536 cum
562 1474 647 1536 urbis
662 1475 806 1536 dedicatio
821 1481 851 1536 et
872 1475 1055 1555 nuncupatio
1070 1475 1146 1536 facta
1161 1480 1242 1552 sunt,
1257 1475 1369 1536 Valens

337 1590 471 1651 paganus
485 1575 637 1654 haruspex
647 1573 826 1634 cerimoniis
839 1573 987 1650 interfuit,
1007 1591 1044 1632 ne
1062 1571 1160 1634 dicam
1177 1571 1298 1652 praefuit
1311 1570 1367 1653 (2).

336 1671 372 1732 In
391 1672 530 1733 Milliario
548 1672 630 1752 quod
655 1672 764 1732 dicitur
787 1671 844 1733 fori
868 1670 1183 1750 Constantinopolitani
1206 1670 1370 1749 imperator

336 1789 462 1831 currum
475 1771 552 1832 Solis
566 1770 636 1850 poni
646 1771 738 1850 jussit
751 1817 760 1848 ,
773 1769 804 1830 in
819 1789 880 1850 quo
894 1775 923 1831 et
937 1769 1021 1830 Solia
1035 1770 1156 1849 effipiea
1175 1775 1204 1830 et
1216 1769 1246 1829 F
1244 1775 1370 1830 ortunae

333 1887 475 1945 parvum
493 1871 705 1930 simulacrum
727 1868 759 1928 in
782 1868 878 1947 capite
905 1887 1027 1928 crucem
1056 1867 1198 1946 gestantis
1226 1865 1367 1927 viseban-

337 1969 389 2024 tur
402 1963 457 2046 (3).
474 1964 584 2027 Contra
598 1965 774 2026 Milliarium
795 1965 912 2026 stabant
933 1966 1069 2044 ingentes
1090 1963 1276 2025 Constantini
1290 1964 1370 2043 ejus·

337 2083 397 2144 que
416 2065 521 2126 matris
535 2067 659 2128 Helenae
678 2071 793 2142 statue,
818 2066 857 2127 ad
873 2065 1028 2127 Orientem
1044 2065 1139 2128 solem
1154 2083 1316 2142 conversae,
1341 2070 1371 2124 et

336 2187 397 2229 una
411 2177 533 2230 crudem
556 2173 691 2230 tenentes
712 2168 762 2229 cui
781 2168 1023 2229 inscribebatur:
1052 2187 1133 2230 unus
1156 2173 1201 2228 est
1224 2167 1368 2245 Sanctus,

335 2283 417 2324 unus
436 2264 594 2342 Dominus,
616 2284 697 2326 unus
721 2265 869 2326 Christus.
891 2264 990 2326 Media
1012 2269 1116 2350 autem
1138 2265 1170 2325 in
1196 2282 1286 2325 cruce
1305 2269 1371 2325 erat

334 2361 432 2441 imago
456 2363 583 2422 fortunae
610 2363 695 2423 urbis
708 2361 840 2440 inclusa,
859 2381 928 2442 quae
946 2363 1071 2441 magicis
1093 2362 1232 2426 formulis
1254 2381 1364 2422 conse-

234 2494 237 2500 ·
335 2465 416 2522 crata
435 2461 542 2522 fuerat.
560 2461 647 2533 Quod
662 2460 770 2540 pignus
785 2461 931 2540 quamdiu
947 2460 1099 2539 integrum
1113 2465 1203 2537 esset,
1222 2479 1291 2539 spes
1305 2466 1370 2522 erat

335 2558 399 2618 fore
424 2564 458 2618 ut
479 2577 562 2618 novae
584 2558 670 2619 urbis
690 2557 814 2620 felicitas
836 2563 866 2618 et
888 2557 1052 2638 imperium
1078 2558 1111 2618 in
1130 2557 1246 2636 integro
1272 2558 1366 2618 flore-

334 2663 402 2718 rent
414 2656 470 2738 (lr).
486 2657 587 2717 Edixit
599 2676 720 2737 quoque
732 2657 910 2737 imperator,
927 2662 961 2716 ut
978 2657 1011 2717 in
1023 2661 1178 2737 posterum
1190 2655 1363 2736 quotannis,

334 2755 466 2816 natalitio
480 2755 565 2817 urbis
578 2755 638 2832 die,
653 2774 763 2834 magna
771 2755 866 2834 ipsius
879 2774 972 2816 aurea
985 2761 1092 2833 statua,
1113 2756 1264 2816 fortunam
1280 2753 1367 2814 urbis

334 2857 471 2932 porrecta
488 2853 593 2914 dextra
607 2853 747 2930 tenentis,
763 2851 937 2914 solemniter
950 2871 1004 2932 per
1017 2852 1132 2913 circum
1145 2853 1328 2929 veheretur,
1339 2857 1369 2912 et

334 2955 369 3010 ut
389 2948 431 3027 is,
445 2949 499 3028 qui
514 2955 582 3010 tum
599 2949 762 3029 imperator
781 2955 875 3025 esset,
893 2968 960 3010 eam
981 2954 1110 3010 statuam
1129 2947 1256 3027 genibus
1278 2948 1365 3008 flexis

334 3046 471 3108 adoraret
485 3043 541 3126 (5).
560 3046 641 3118 Quin
654 3046 715 3107 imo
728 3047 881 3107 advectam
895 3047 991 3107 Roma
1005 3045 1243 3125 porphyreticam
1253 3045 1369 3105 colum-

333 3163 405 3228 nam
421 3143 454 3204 in
471 3144 571 3205 medio
591 3143 860 3223 Constantinopolis
880 3145 944 3205 foro
957 3144 1031 3223 erigi
1042 3144 1149 3223 jussit,
1165 3143 1253 3222 eique
1268 3143 1364 3222 Apol-

333 3241 403 3302 linis
417 3242 614 3303 simulacrum
636 3241 767 3322 imponi,
794 3247 824 3302 et
846 3260 901 3302 suo
923 3241 1018 3321 ipsius
1041 3241 1164 3302 nomine
1184 3239 1365 3302 consecrari.

334 3340 429 3420 Cujus
443 3340 566 3420 quidem
580 3341 734 3401 simulacri
745 3345 835 3427 caput
855 3341 1005 3420 radiatum
1019 3345 1094 3417 erat,
1113 3345 1142 3401 et
1162 3340 1195 3400 in
1213 3339 1368 3400 radiorum

333 3438 496 3502 intervallis
516 3440 581 3500 haec
609 3438 701 3500 verba
730 3438 926 3517 legebantur:
949 3438 1156 3500 Constantino
1172 3438 1246 3498 solis
1264 3441 1368 3498 instar

333 3537 481 3617 foloeott.
502 3538 538 3600 In
558 3538 687 3616 hujusce
707 3537 858 3598 columnae
879 3537 960 3615 basi,
976 3557 1014 3598 ex
1031 3538 1152 3599 oraculo
1165 3536 1297 3616 quodam
1316 3535 1364 3596 si·
1472 3541 1474 3546 ’

364 3741 401 3810 (1)
416 3743 544 3795 lohannes
558 3745 649 3802 Linos,
664 3745 703 3794 De
715 3757 810 3803 neena,
826 3754 862 3804 tv,
877 3743 903 3796 Ξ.
919 3770 950 3780 -
965 3743 1096 3804 Lasion,
1114 3757 1157 3808 op.
1173 3743 1229 3806 eit,
1247 3757 1274 3806 p.
1290 3743 1333 3794 44.

362 3826 397 3892 (4)
416 3830 559 3892 anonymus
574 3828 695 3889 Bxxoont,
710 3842 737 3891 p.
752 3828 795 3889 98,
811 3827 854 3877 ab.
868 3854 902 3865 -
918 3827 1049 3888 histonii,
1065 3841 1107 3892 op.
1123 3828 1180 3887 cit,
1195 3841 1221 3891 p.
1237 3827 1283 3876 44.

363 3911 399 3980 (³)
414 3915 560 3977 anonymus
570 3913 696 3972 Barnun,
712 3926 737 3976 p.
754 3913 795 3974 13,
811 3914 845 3963 D.
861 3913 910 3975 ⁰⁸3
925 3915 959 3963 Ε.
977 3914 1096 3965 cedinus
1108 3913 1139 3964 de
1151 3914 1241 3974 Sionis
1256 3912 1357 3970 comt..

331 4012 358 4064 p.
375 3999 418 4050 40.
433 4025 464 4035 -
479 3999 612 4060 Lxsxunx,
625 4010 671 4061 up.
686 3997 742 4060 cit,
757 4011 783 4061 p.
799 3997 843 4048 44.

364 4081 399 4152 (t)
418 4087 561 4148 anonymus
574 4083 697 4146 Burnum,
712 4097 739 4147 p.
753 4082 795 4132 1⁰.
811 4107 843 4120 -
869 4082 990 4134 cedinus
1010 4081 1042 4134 de
1057 4083 1136 4144 Sion.
1152 4083 1254 4141 conat..
1269 4095 1294 4145 p.
1320 4078 1364 4130 tt.

332 4201 365 4211 -
378 4175 510 4237 Lasxunx,
528 4185 572 4238 op.
585 4173 641 4234 eit„
652 4187 678 4236 p.
694 4172 738 4224 43.

365 4257 401 4324 (ὅ)
416 4259 561 4322 anonymus
575 4257 697 4319 Burnum,
708 4272 734 4321 p.
745 4257 788 4308 45.
799 4283 831 4293 -
842 4258 996 4310 chronicon
1009 4256 1206 4318 lucanaria..
1219 4254 1262 4307 ed.
1275 4253 1363 4329 Cane,

332 4357 356 4407 p.
371 4341 431 4394 283.
446 4368 479 4382 -
494 4342 621 4403 cedinus,
636 4357 662 4408 p.
677 4341 724 4408 24,
737 4341 781 4405 25,
796 4341 840 4393 so.
