3054 5046
613 547 774 608 ..47„..

176 681 209 744 in
222 701 348 746 arenam
369 681 427 744 sub
443 681 576 744 Honorio
592 681 718 744 irruisse
737 687 767 744 et
785 680 984 759 gladiatorum
998 700 1158 744 mucrones
1173 682 1205 744 in

176 801 208 844 se
220 781 427 842 convertisse?

215 879 338 950 Quodsi
353 878 435 940 dicas
448 878 480 938 in
491 877 613 940 Oriente
622 883 740 939 tantum
750 877 914 956 prohibitas
924 877 1017 938 luisse
1031 859 1048 938 a
1062 878 1205 939 Constan-

175 977 238 1038 tino
257 977 501 1056 gladiatoriarum
520 995 685 1038 munerum
699 976 858 1052 editiones,
875 975 1036 1035 Libanium
1058 977 1206 1037 adducam

175 1075 229 1154 qui
242 1074 397 1136 incivitate
408 1075 668 1151 Antiochensium,
684 1094 755 1136 cum
769 1074 910 1153 quintum
924 1074 1077 1134 decimum
1091 1093 1206 1135 annum

175 1177 289 1250 ageret,
302 1171 490 1250 gladiatorios
500 1172 588 1233 ludos
599 1173 761 1233 celebratos
773 1172 865 1232 fuisse
880 1177 993 1248 narrat,
1009 1190 1118 1251 nempe
1128 1192 1206 1234 anno

175 1268 235 1330 328
249 1267 306 1349 (1).
319 1269 350 1330 Si
363 1287 434 1329 vero
449 1269 638 1330 contenderis
652 1288 703 1330 eas
717 1269 920 1330 solemnitates
935 1269 1120 1329 multitudini
1134 1270 1203 1330 ubi-

175 1381 245 1445 que'
260 1367 462 1446 gratissimas,
486 1367 640 1446 ignorante
663 1367 874 1444 Constantino,
894 1367 1054 1445 aliquando
1072 1374 1206 1446 peractas

175 1463 285 1542 fuisse,
304 1472 356 1526 aut
377 1465 484 1524 saltem
503 1465 697 1539 connivente3
716 1471 806 1544 atque
827 1464 864 1526 de
886 1463 942 1523 ista
964 1463 1030 1541 lege
1047 1482 1107 1522 non
1121 1464 1207 1525 aliter

174 1568 288 1639 actum,
303 1581 337 1623 ac
353 1563 390 1623 de
409 1563 470 1622 illis
487 1563 598 1642 quibus
619 1564 714 1624 malas
736 1563 942 1623 veneficorum
959 1567 1039 1621 artes
1053 1567 1204 1640 vetuerat,

175 1679 246 1722 cum
260 1666 362 1721 tamen
375 1666 405 1721 et
421 1661 634 1738 mathematici,
650 1667 726 1721 teste
739 1660 869 1720 Eusebio
880 1658 936 1741 (2),
953 1659 1078 1739 impune
1088 1665 1118 1719 et
1131 1679 1204 1722 con·

175 1762 235 1822 suli
250 1767 280 1822 et
297 1762 478 1840 respondere
499 1761 772 1841 perseveraverint,
791 1760 877 1840 quasi
895 1759 1058 1839 imperator
1076 1779 1204 1822 consen·

174 1859 259 1934 tiret3
282 1859 384 1938 ipsum
403 1859 631 1920 Constantinum
650 1858 682 1918 in
699 1857 906 1919 testimonium
926 1857 1033 1935 citabo,
1052 1857 1105 1937 qui
1119 1859 1206 1938 longo
1312 1847 1313 1851 ¹

90 1993 92 1998 .
155 1959 320 2039 'rescripto
340 1959 420 2038 quod
437 1959 628 2019 doctissimus
651 1959 837 2019 Cavedonius
853 1966 995 2018 nonanta
1014 1978 1128 2020 annum
1147 1959 1207 2019 333

176 2057 292 2117 editum
308 2057 440 2117 affirmat
453 2055 498 2138 (3)
513 2057 655 2136 quodque
669 2057 718 2116 hic
732 2057 883 2135 integrum
901 2056 1035 2116 inserere
1056 2075 1149 2136 prope
1162 2057 1207 2126 in·

177 2154 297 2214 finitum
317 2160 374 2231 est,
389 2155 544 2238 privilegia
558 2154 697 2234 quaedam
715 2154 816 2214 italico
838 2154 946 2234 oppido
965 2154 1109 2230 coneedit,
1129 2151 1207 2214 inter

177 2272 245 2332 quae
263 2252 430 2331 gladiatorii
446 2253 583 2313 muneris
599 2253 760 2314 exhibendi
774 2253 899 2331 singulis
917 2253 1004 2313 annis
1019 2257 1204 2332 potestatem.

214 2349 400 2428 Quiquidem
413 2350 520 2411 titulus
537 2350 665 2429 Hispelli
679 2351 711 2409 in
724 2350 827 2410 tabula
841 2369 1009 2411 marmorea
1024 2350 1204 2429 praegrandi,
1233 2381 1234 2385 =

176 2466 268 2527 prope
286 2448 439 2507 theatrum
457 2447 595 2526 antiqum
613 2453 769 2525 repertus,
789 2467 806 2508 a
825 2446 987 2508 Muratorio
1008 2453 1122 2509 temere
1149 2469 1204 2510 ex·

177 2546 297 2624 plosus,
322 2546 410 2623 cujus
433 2544 611 2606 sententiam
637 2544 768 2605 Orellius
794 2551 915 2605 secutus
941 2551 1000 2623 est,
1024 2546 1166 2606 defensus
1191 2566 1208 2607 a

177 2642 378 2702 Mommsenio
394 2648 424 2702 et
442 2642 572 2722 denique
593 2642 630 2702 ab
651 2642 803 2702 Henzenio
816 2642 987 2721 exploratus
1003 2647 1033 2703 et
1049 2643 1206 2723 probatus,

176 2742 299 2802 maximi
313 2747 359 2802 est
372 2743 410 2802 ad
423 2748 562 2802 nostrum
575 2742 779 2822 propositum,
791 2742 946 2802 momenti.

214 2840 332 2919 Nempe
360 2840 500 2901 Tusciam
525 2846 555 2901 et
576 2840 736 2901 Umbriam
758 2840 814 2900 sub
836 2840 1091 2918 administratione
1116 2843 1208 2904 unius

177 2937 352 2997 correctoris
381 2938 554 3016 conjunctas
575 2955 675 2998 annua
704 2938 829 2998 concilia
855 2938 997 2998 habuisse
1024 2938 1074 2999 hio
1100 2939 1206 3002 titulus

177 3034 275 3112 docet,
287 3035 399 3114 quibus
414 3036 477 3095 ludi
495 3036 604 3096 scenici
614 3041 644 3096 et
657 3036 830 3114 gladiatoria
844 3037 1012 3115 spectacula
1032 3057 1049 3098 a
1066 3040 1205 3100 sacerdo·

177 3131 257 3193 tibus
272 3132 448 3194 edebantur.
466 3133 505 3194 Hi
520 3135 688 3196 sacerdotes
708 3134 818 3212 singuli
834 3153 895 3211 per
915 3154 1078 3196 annorum
1094 3139 1175 3198 vices
1192 3156 1209 3199 a

178 3229 304 3310 singulis
328 3231 445 3311 populis
469 3232 660 3309 creabantur,
679 3236 768 3310 atque
790 3235 935 3292 coronati
957 3232 1002 3315 (d)
1022 3234 1157 3295 Umbriae
1180 3241 1210 3297 et

211 3452 246 3520 (l)
266 3456 396 3514 linimus,
411 3459 449 3508 De
462 3459 521 3508 olto
533 3469 585 3508 aaa
599 3457 641 3507 ed.
657 3458 717 3510 Fed.
733 3457 848 3518 Metello,
862 3459 921 3508 Lm.
938 3459 1012 3520 mar,
1026 3473 1084 3525 pag.
1099 3461 1124 3511 5.

210 3537 246 3604 (2)
261 3540 366 3602 Eume,
388 3543 431 3592 ru
459 3543 562 3600 const..
577 3553 614 3598 rr.
629 3544 673 3592 51.

210 3625 248 3684 (5)
266 3643 279 3670 α
298 3625 317 3674 ΙΙ
329 3625 374 3676 Cb.
388 3625 490 3676 llenzen
504 3635 606 3677 avrcrte
620 3628 668 3678 ebe
683 3627 802 3690 riguardo
812 3627 861 3677 alla
874 3625 932 3678 data
944 3627 970 3677 di
985 3635 1077 3692 questo
1091 3629 1210 3681 rescrilto

180 3709 310 3772 imperiale
324 3712 390 3760 altro
405 3725 453 3762 nou
470 3712 520 3775 pud
537 3711 678 3763 affermarsi
691 3725 719 3762 se
731 3725 781 3762 non
796 3713 843 3764 che
856 3713 892 3763 sla
910 3714 1051 3774 posteriore
1063 3716 1112 3764 alla
1127 3722 1210 3766 morte

180 3793 204 3844 di
217 3794 438 3856 Crispoarrenuta
453 3795 494 3846 nel
505 3793 563 3846 326.
578 3801 593 3844 l
607 3810 648 3846 me
663 3811 708 3860 par
720 3804 791 3848 certo
803 3798 850 3846 che
861 3811 912 3846 uon
924 3809 996 3860 possa
1010 3798 1073 3848 dirsi
1083 3800 1210 3850 airnrlore

179 3875 203 3927 al
217 3879 266 3926 555
281 3879 321 3927 nel
336 3879 411 3941 quale
425 3880 555 3940 Cosmnte,
571 3880 618 3931 che
631 3883 653 3930 ri
668 3883 687 3930 si
701 3882 802 3930 nornine
816 3881 923 3931 insieme
935 3883 973 3931 co'
986 3881 1036 3932 due
1050 3885 1107 3933 suoi
1117 3883 1211 3934 butelli

180 3965 313 4031 magalon,
324 3968 349 4015 lu
365 3967 406 4016 dal
421 3968 499 4031 padre
514 3968 653 4019 rliclriarato
668 3969 770 4020 Cesare.
782 3998 809 4005 —
826 3972 882 4037 pl
897 3971 922 4018 in
938 3971 1033 4020 notula.
1050 3990 1062 4016 »
1078 3973 1211 4035 (therchc

179 4052 289 4101 critrche
302 4053 412 4102 intorno
431 4055 484 4103 olle
496 4055 626 4116 mednplr'c
635 4056 664 4104 dr·
675 4056 832 4106 certamino
843 4057 943 4116 ,hauno
953 4067 966 4104 e
977 4057 1016 4126 def
1025 4058 1085 4105 arrot
1096 4058 1212 4118 figliuoli

180 4137 308 4199 instruite
317 4139 346 4188 di
355 4139 428 4200 tipie
439 4139 469 4189 dr·
476 4140 586 4190 atmtolt
595 4141 730 4198 oriolium,
740 4139 771 4189 da
787 4141 814 4191 C.
832 4143 972 4197 caveron,
991 4139 1106 4199 Modera,
1124 4139 1210 4209 1858.)

213 4223 248 4288 (4)
265 4222 325 4274 Vide
335 4222 367 4273 de
378 4223 615 4286 hissaeerlottbus,
630 4225 674 4288 qui
688 4227 802 4276 coronati
816 4225 974 4289 appellantur
988 4224 1056 4288 apud
1068 4227 1209 4287 Oreltr'um,
1302 4235 1317 4304 1·

181 4305 283 4356 titulum
299 4304 374 4356 5866.
