3054 5046
732 511 891 572 ..44-

299 669 370 710 rum
383 648 464 710 eninr
479 647 675 728 appellatione
689 647 745 708 hoc
762 665 823 708 aevo
840 645 999 725 gentilium
1011 646 1124 726 templa
1136 646 1256 726 proprie
1273 647 1322 708 in-

299 745 459 825 telligenda
476 750 561 822 sunt,
583 749 616 804 nt
636 743 720 806 docel
732 743 870 822 ejusdem
884 743 993 804 codicis
1010 743 1207 804 Theodosiani
1220 744 1326 805 titulus

300 843 339 902 de
352 843 511 921 Popools,
524 842 692 921 sacrificiis
702 847 731 903 et
744 841 870 919 templis
887 841 1041 922 oppositus
1054 842 1143 902 titulo
1157 843 1195 902 de
1210 844 1327 920 episco-

297 943 365 1018 pis,
383 941 520 1000 ecclesiis
535 947 563 1000 et
578 940 716 1015 clericis,
734 946 763 1000 et
778 941 827 1000 lex
840 937 857 998 1
875 941 913 1000 de
924 940 987 1019 {lde
1001 940 1157 1000 catholica
1173 945 1203 1000 et
1218 940 1334 1003 verbo,
1415 975 1419 980 -

301 1057 372 1097 rum
385 1038 555 1098 eommunis
575 1055 660 1097 usus.
681 1037 832 1098 Ecclesiae
850 1038 977 1113 domus,
1001 1037 1048 1098 vel
1064 1039 1132 1115 pice
1154 1037 1267 1097 (ἰοιηιιε
1283 1039 1329 1099 vel

302 1135 438 1195 civitatis
452 1136 612 1212 Ecclesiae,
625 1136 672 1196 vel
682 1136 876 1196 venerabiles
890 1135 1049 1210 Ecclesica,
1063 1135 1100 1195 de
1114 1135 1207 1196 saeris
1221 1136 1326 1196 Chris·

301 1237 453 1298 tianorum
468 1238 584 1298 aedibus
602 1257 608 1297 :
625 1239 745 1314 templo
755 1243 807 1298 aut
818 1238 951 1298 delubra
965 1238 1002 1298 de
1016 1257 1201 1318 paganorum
1215 1239 1329 1300 aedibus

303 1334 396 1395 sacris
407 1334 464 1395 dici
475 1336 581 1396 solent.
592 1334 743 1395 Praeterea
751 1340 888 1415 tempora
896 1334 995 1395 adhuc
1004 1335 1060 1394 ista
1069 1335 1126 1394 sub
1138 1335 1330 1396 Constantino

303 1432 410 1512 Magno
425 1438 455 1494 et
467 1435 590 1514 quidem
600 1435 657 1494 hoc
669 1453 747 1494 anno
757 1433 817 1494 326
827 1434 929 1510 fuere,
941 1434 984 1494 uti
998 1438 1027 1494 et
1037 1433 1167 1495 civitates
1177 1434 1330 1514 pleraeque

287 1543 443 1610 'magnam
460 1538 587 1612 partem,
604 1538 633 1593 et
643 1531 772 1611 judiees,
793 1531 904 1611 quibus
920 1533 985 1592 haec
998 1532 1048 1592 lex
1067 1532 1176 1611 scripta
1190 1537 1246 1609 est,
1263 1533 1329 1612 ple·

304 1629 390 1709 rique
405 1631 530 1709 gentiles
544 1635 654 1692 essent.
675 1629 748 1689 Haec
766 1629 969 1690 Gotholredus
987 1629 1023 1690 de
1041 1631 1097 1690 hac
1111 1631 1177 1708 lege
1191 1637 1272 1692 notat
1288 1629 1333 1712 (l)

304 1746 360 1787 nec
373 1728 456 1789 video
478 1748 613 1789 currem
631 1733 698 1807 post
718 1746 753 1788 ea
772 1726 895 1787 dubiam
913 1727 1081 1806 relinquat,
1100 1747 1157 1788 nec
1171 1729 1290 1808 planius
1304 1733 1334 1790 et

305 1825 479 1904 explicatius
489 1827 622 1887 affirmet
633 1826 682 1886 hic
696 1826 733 1886 de
744 1843 930 1904 paganorum
944 1831 1025 1886 certe
1036 1826 1129 1887 sacris
1141 1827 1199 1905 agi.
1215 1827 1334 1898 Quibus

237 1923 245 1938 '
305 1923 387 1984 enim
398 1924 474 1983 ritus
484 1943 554 1983 suos
564 1924 658 1983 libere
666 1929 696 1983 el
706 1922 824 2002 publice
835 1941 976 1984 exercere
987 1924 1225 2002 permittebatur,
1236 1942 1335 1985 nonne

306 2020 344 2078 iis
353 2020 466 2098 templa
479 2026 574 2096 erant,
590 2038 658 2099 quae
669 2019 694 2079 si
704 2025 793 2080 terrae
808 2024 891 2080 motu
902 2020 948 2080 vel
962 2019 1100 2080 incendio
1114 2019 1213 2082 diruta
1223 2026 1334 2097 essent,
1357 2059 1361 2068 ι

306 2138 344 2179 ex
357 2118 472 2196 integro
486 2116 628 2177 aedificari
644 2117 817 2196 oportebat3
838 2117 864 2176 si
880 2122 1025 2177 vetustate
1040 2118 1183 2197 collapsa,
1203 2117 1337 2197 reparari

307 2221 336 2277 et
355 2216 387 2275 in
405 2216 562 2295 pristinam
580 2215 687 2276 faeiem
707 2215 834 2276 restitui.
852 2215 891 2274 Et
914 2233 984 2275 curn
1003 2221 1121 2294 postca,
1142 2215 1208 2276 Tib.
1224 2215 1338 2276 Fabius

308 2314 451 2374 Talianus
465 2313 511 2374 vir
531 2313 719 2374 clarissimus
734 2313 785 2392 qui
801 2313 896 2373 fasces
913 2331 991 2372 anno
1006 2313 1080 2389 337,
1101 2318 1130 2373 et
1149 2313 1239 2374 Urbis
1255 2333 1335 2394 prae·

308 2415 455 2474 lecturam
477 2431 555 2473 anno
578 2411 638 2472 340
662 2417 795 2490 gesserat
817 2411 970 2488 templum
993 2412 1086 2472 Remi
1109 2413 1146 2471 in
1168 2414 1223 2472 oio
1244 2431 1338 2473 socru

309 2512 541 2572 restituendum
568 2530 696 2571 curasse
725 2509 789 2592 (2);
824 2529 895 2570 cum
923 2510 1041 2571 Vettius
1066 2511 1264 2572 Praetextatus
1294 2512 1340 2573 vir

309 2610 505 2687 clarissimus,
531 2611 690 2690 praelectus
710 2609 785 2670 Urbi
810 2628 890 2669 anno
914 2607 973 2669 367
993 2609 1128 2669 Deorum
1146 2625 1339 2672 coussnrrvu

310 2725 524 2771 sncnosaucra
545 2724 720 2771 sruvuncnn
744 2727 815 2767 curn
838 2707 920 2766 omni
943 2707 999 2766 loci
1020 2708 1123 2785 cultu,
1146 2708 1251 2768 Romae
1271 2727 1337 2770 res·

310 2806 426 2867 tituisee
452 2805 689 2884 deprehenditur
710 2803 773 2885 (3);
800 2823 871 2864 cum
893 2809 995 2883 postea
1019 2808 1081 2865 tres
1105 2806 1243 2867 flamines
1267 2826 1338 2887 per·

311 2903 393 2982 petui
412 2903 469 2962 sub
487 2903 611 2985 Valente
635 2908 664 2962 et
686 2901 893 2962 Valentiniano
908 2902 1151 2980 imperatoribus
1167 2904 1291 2965 maximi
1310 2905 1341 2964 in

311 3001 413 3061 Africa
419 3001 524 3079 templi
534 3001 678 3080 porticus,
691 3004 814 3060 curante
822 3000 972 3060 consulari
979 3001 1054 3077 viro,
1065 3019 1226 3062 exornasse
1236 3007 1266 3062 et
1276 3022 1342 3082 per·

312 3099 417 3160 fecisse
432 3104 461 3159 et
476 3098 628 3158 dedicasse
638 3104 668 3159 et
681 3117 757 3178 opus
773 3100 829 3158 hoc
846 3098 974 3158 solemni
985 3099 1177 3179 inscriptione
1188 3101 1342 3162 memoriae

313 3197 472 3256 mandasse
485 3196 679 3275 reperiuntur
688 3194 752 3277 (4);
769 3215 839 3256 cum
854 3195 961 3256 eodem
973 3201 1109 3276 tempore
1120 3202 1153 3258 et
1163 3197 1220 3258 sub
1235 3198 1343 3260 iisdem

273 3409 274 3412 ¹
348 3398 383 3466 (ι)
402 3400 466 3452 coc.
485 3399 591 3458 rocoa„
607 3406 628 3449 ι.
642 3399 672 3461 ι,
688 3413 715 3462 p.
731 3397 789 3450 ast.
875 3469 882 3474 ¹

348 3487 384 3550 (⁵2)
403 3487 496 3542 orell..
508 3495 537 3537 ιιο
550 3487 590 3538 l'l.

326 3552 383 3632 ἰιι
401 3573 493 3632 orac,
507 3578 527 3621 ι.
544 3571 574 3621 ιιι
590 3572 714 3632 ponzan..
730 3581 758 3621 no
773 3573 849 3625 eoas.

344 3656 383 3722 (l)
398 3678 445 3712 nno
465 3677 649 3712 nlonrrrcsnrn
670 3678 764 3712 snecvnr
786 3679 817 3712 oo
836 3680 867 3714 ιιιι
886 3679 1051 3715 ιιιιιιιτιιιιιιιι
1072 3681 1102 3716 er
1122 3679 1233 3716 vainans
1255 3681 1350 3717 saurae

315 3749 468 3784 avcvsroavn
480 3750 529 3794 quot
539 3741 546 3792 11
556 3750 616 3784 rvon
625 3750 736 3784 nonrrovs
744 3751 851 3787 cernon
862 3753 930 3786 sanir
939 3753 1078 3787 vervsrans
1090 3753 1225 3788 aasvurras
1236 3754 1266 3788 er
1274 3754 1349 3795 vsova

316 3825 345 3858 no
360 3824 402 3858 ιιιι
418 3824 571 3858 ιιιιιιιιιιιιτι
581 3816 692 3868 corruptas
702 3817 710 3867 u
721 3824 783 3858 uovo
797 3824 874 3858 orsae
885 3825 1017 3860 renascens
1027 3827 1213 3868 exounarssove
1227 3825 1350 3860 oaorcsvn

316 3897 438 3931 vvotlnlvs
453 3897 575 3932 nteloutvs
590 3897 683 3931 caecina
693 3892 742 3930 lulla
753 3889 761 3940 ΙΙ
771 3897 814 3930 ltl's
830 3898 869 3931 vlu
884 3898 1038 3932 cunntssrtws
1048 3899 1092 3933 0οΝ
1107 3898 1190 3933 VLdeS
1205 3898 1349 3933 evnanrrevs

316 3971 387 4006 asaro
408 3971 502 4006 rvnrlno
526 3971 613 4004 tresvir
634 3969 787 4004 nerrvaurcle
798 3963 899 4004 dotatore
918 3963 926 4014 11
951 3970 980 4004 ιιι.
999 3970 1110 4012 novrnrno
1130 3971 1159 4004 rr
1180 3971 1211 4006 ro
1230 3969 1351 4006 antonino

317 4041 463 4078 Parnoanno
471 4042 499 4075 rr
507 4042 537 4075 aa
546 4041 705 4076 sanvnlnrnrco
713 4033 758 4082 (stol
769 4042 798 4074 rr
807 4041 844 4074 rr.

351 4108 385 4157 lo
399 4108 496 4158 Buloto
508 4107 628 4168 porticos
640 4106 786 4157 orientalis
796 4105 890 4166 mopsi
901 4105 1002 4167 templi,
1014 4105 1170 4168 rhodopae
1182 4107 1362 4178 -lnscripts
1385 4131 1387 4134 -

317 4206 388 4246 rom.
403 4194 434 4244 de
449 4189 582 4255 surpere,
594 4191 626 4242 ll.
645 4190 836 4250 Leontinum,
851 4189 988 4242 fasciculus
1007 4192 1034 4254 ὅ,
1057 4206 1081 4254 p.
1100 4193 1165 4254 17⁸;
1184 4219 1210 4229 -
1231 4192 1349 4244 volumen

318 4278 422 4330 tertium
439 4279 542 4329 collect.
558 4278 711 4334 Orellione,
724 4276 767 4328 sd.
782 4275 813 4326 G.
828 4275 952 4338 neuton,
964 4286 993 4326 no
1005 4276 1081 4328 6980.
