3054 5046
767 595 929 655 ..22-

335 731 465 808 liqionis
479 747 547 789 aare
560 727 609 789 oel
623 726 832 788 observantiae
843 732 1030 805 potestatem
1048 729 1199 790 similiter
1216 738 1364 808 apertam

336 833 365 888 et
379 827 524 902 liberam,
543 844 605 903 pro
625 826 727 902 quiete
746 826 897 901 temporie
916 827 1018 885 nostri
1038 843 1101 886 esse
1121 843 1311 905 concessam,
1329 835 1365 891 nt

334 927 370 985 in
392 924 521 986 colendo
542 924 626 1002 quod
640 924 772 1001 quiaque
792 922 952 1000 deliperet,
975 923 1091 985 babeat
1112 924 1247 986 liberam
1260 928 1364 1006 faral-

336 1028 445 1084 tatem.
463 1040 479 1081 a

374 1121 420 1183 Ita
448 1124 528 1180 certe
554 1118 592 1180 de
616 1117 784 1178 christianis
809 1118 886 1180 bene
914 1117 1072 1180 merebant
1099 1119 1312 1182 Constantinus
1336 1129 1366 1184 et

334 1215 479 1295 Liciniis,
504 1236 560 1278 nea
578 1216 724 1297 ampliora
743 1217 815 1296 jura
838 1217 994 1296 superiore
1016 1218 1118 1279 seculo
1137 1237 1155 1279 a
1178 1219 1366 1300 principibus

335 1316 489 1379 ohn'stiani
502 1316 637 1377 doctores
651 1316 813 1395 petierant3
829 1335 939 1396 nempe
962 1322 997 1377 ut
1018 1317 1124 1378 eadem
1145 1317 1284 1380 libertate
1306 1339 1368 1400 qua

334 1434 439 1477 amnes
452 1415 513 1492 alii,
525 1413 556 1474 in
570 1414 693 1474 colenda
707 1415 834 1475 numina
847 1417 1031 1476 fruerentur.
1047 1415 1087 1476 At
1100 1415 1178 1484 illud
1188 1416 1326 1478 edictum·
1334 1418 1367 1480 in

332 1533 394 1594 quo
413 1513 519 1575 eodem
539 1513 635 1592 gradu
652 1513 806 1574 christiani
824 1532 885 1592 quo
900 1513 1001 1574 caeteri
1015 1513 1092 1575 ritus
1108 1513 1269 1593 habentur,
1291 1517 1367 1578 nihil

334 1613 392 1675 nisi
406 1612 565 1694 providum
578 1611 727 1688 animum,
739 1611 819 1690 juris
836 1611 916 1691 aequi
933 1611 1114 1690 studiosum,
1129 1612 1259 1692 publicae
1273 1615 1365 1694 quie·

335 1712 374 1772 tis
397 1716 427 1772 et
449 1709 673 1789 tranquillitatis
691 1710 849 1781 firmandae
873 1710 1029 1790 cupidum,
1053 1711 1172 1773 indicat.
1194 1712 1258 1773 Nea
1281 1713 1368 1775 aliter

334 1810 434 1872 forsan
447 1807 585 1887 priorum
598 1811 771 1886 temporum
785 1807 981 1886 imperatores
1003 1808 1095 1868 locuti
1114 1813 1227 1886 essent,
1243 1809 1269 1870 si
1290 1809 1367 1871 civili

250 1973 253 1978 ,
335 1905 498 1985 quaestione
508 1903 630 1980 amissa,
646 1903 678 1963 in
693 1903 826 1965 doctrina
843 1904 1015 1982 christiana,
1029 1923 1090 1966 non
1103 1923 1209 1966 rerum
1229 1906 1368 1967 omnium

335 2000 602 2080 perturbationem,
618 2001 671 2062 sed
684 2020 775 2062 novos
789 2006 908 2063 tantum
921 2001 998 2062 ritus
1011 2007 1042 2063 et
1054 2003 1144 2064 aliam
1158 2003 1293 2065 numinis
1307 2004 1363 2065 ob·

337 2097 474 2159 servandi
488 2098 635 2160 rationem
647 2087 801 2160 vidissent.
1017 2100 1020 2106 '

376 2194 539 2275 Sequentia
552 2195 584 2256 in
600 2197 727 2275 gratiam
744 2196 978 2257 christianorum
997 2196 1204 2258 manifestiora
1222 2197 1366 2260 videban-
1430 2265 1433 2268 ,

336 2297 397 2353 tur.
414 2291 581 2354 labebatur
600 2313 729 2374 nempe:
753 2300 789 2354 nt
801 2295 850 2356 ael
864 2296 973 2373 fiscan,
995 2295 1044 2355 vel
1058 2296 1114 2373 qni
1129 2314 1150 2356 a
1164 2295 1238 2374 fiseo
1256 2302 1315 2357 ant
1327 2296 1367 2357 ab
1428 2326 1434 2336 ‘
1522 2361 1523 2382 χ

337 2391 550 2471 alioquolibet
562 2394 682 2453 ealoea
691 2395 824 2454 mercati
838 2399 942 2470 erant,
956 2399 1013 2453 aat
1030 2393 1113 2453 dono
1132 2397 1300 2471 consecuti,
1325 2396 1368 2456 ad

336 2507 409 2568 aare
419 2487 516 2551 antea
526 2487 695 2552 christiani
709 2493 876 2553 convenire
886 2497 1124 2568 consueuerant,
1134 2492 1246 2553 eadem
1260 2493 1364 2554 altris-

337 2588 438 2648 tiania
458 2589 528 2649 eine
542 2592 684 2667 pecnnia
699 2597 728 2650 et
747 2592 816 2650 sine
836 2589 908 2666 nlla
926 2591 1025 2667 pretii
1043 2591 1197 2667 petitione
1221 2591 1363 2651 restitne-

336 2692 418 2746 rent.
436 2686 479 2746 Et
488 2688 564 2748 item
575 2689 613 2748 de
623 2689 664 2748 tie
675 2688 821 2748 omnibm
832 2706 904 2764 qnae
914 2688 1083 2748 christiani
1093 2687 1241 2748 babuisse
1254 2705 1363 2750 noere-

337 2783 467 2860 bantnr,
481 2785 589 2864 adjus
600 2787 740 2862 eorporis
751 2803 872 2861 eornm,
885 2803 958 2864 ⁸non
976 2787 1146 2845 hominnm
1162 2785 1365 2869 sinpnlornm

334 2886 543 2966 pertinentia,
571 2891 697 2946 servata
720 2892 830 2945 tamen
851 2903 889 2945 ea
912 2886 1048 2961 ratione,
1070 2891 1107 2946 nt
1127 2886 1153 2944 ii
1178 2885 1234 2963 qni
1256 2886 1368 2946 eadem

337 2985 406 3042 sine
422 2985 537 3060 pretio,
563 2984 644 3043 sient
664 2984 817 3059 dirrimns,
840 2983 1048 3059 restituerint,
1066 2983 1312 3043 indemnitatem
1326 2984 1366 3044 de

331 3080 520 3156 principum
534 3079 748 3139 benevolentia
757 3084 923 3157 sperarent
936 3077 998 3160 (l).

374 3176 459 3253 Haeo,
475 3194 543 3237 meo
556 3177 680 3256 quidem
696 3177 820 3256 judicio,
842 3177 917 3237 nihil
930 3175 1027 3255 magis
1047 3176 1150 3238 valent
1173 3192 1266 3256 quam
1288 3178 1370 3257 quod

335 3273 474 3336 Galerius
488 3273 686 3335 concedebat:
704 3295 720 3334 a
736 3280 772 3335 nt
787 3276 891 3336 denno
902 3275 968 3334 sint
979 3274 1181 3334 christiani.»
1197 3273 1318 3334 Hooest
1330 3293 1367 3336 ex

333 3371 451 3450 legibus
465 3370 609 3432 Romanis
622 3371 701 3434 licita
720 3373 845 3452 collegia
858 3377 911 3433 aut
926 3390 1052 3452 corpora
1070 3370 1204 3432 civilium
1218 3389 1366 3451 persona·

335 3485 405 3528 rum
418 3467 482 3527 loco
496 3467 695 3546 habebantur,
710 3468 839 3549 ideoque
852 3468 915 3528 illis
931 3467 963 3529 in
978 3485 1139 3528 commune
1152 3467 1324 3547 possidendi
1342 3475 1371 3529 et

334 3565 441 3644 agendi
450 3565 503 3644 jus
518 3569 591 3627 erat.
610 3566 749 3628 Galerius
764 3566 856 3646 igitur
877 3585 956 3628 anno
977 3562 1047 3643 311,
1067 3570 1098 3656 et
1116 3565 1276 3626 Mediolani
1295 3584 1368 3627 aon·

368 3769 405 3836 (t)
423 3771 565 3834 tuorem..
581 3773 620 3822 De
633 3775 719 3823 morte
736 3775 878 3837 pareret..
892 3773 940 3832 48;
960 3771 1068 3831 Enseu„
1082 3773 1158 3823 Hirta
1176 3771 1276 3829 erana,
1299 3780 1328 3827 x,
1346 3769 1370 3819 5-

277 3849 278 3856 ’
335 3883 368 3892 -
383 3855 453 3906 idem
467 3856 492 3905 in
507 3857 637 3908 Lactantio
656 3865 682 3909 et
704 3857 730 3907 in
744 3857 857 3908 Eusebio
875 3857 1037 3922 rescriptum,
1053 3857 1103 3908 nisi
1117 3855 1186 3920 quod
1200 3855 1266 3920 apud
1283 3854 1369 3906 Euse-

334 3939 405 3990 bium
416 3939 448 3990 de
462 3939 628 3991 indemnitate
645 3943 771 3992 banorum
785 3941 983 3993 christianarum
998 3940 1190 4006 possessoribus
1203 3933 1377 3991 ‹aauoedenda¹

335 4025 416 4089 magis
436 4025 557 4076 destricte
577 4027 715 4089 sternitum
736 4039 828 4092 nempe
849 4027 1011 4080 inversione
1031 4027 1110 4077 latina
1131 4025 1165 4076 ita
1187 4038 1216 4075 se
1239 4025 1311 4076 loeus
1324 4026 1370 4076 ilie

335 4109 412 4158 babet
425 4122 432 4158 τ
449 4110 528 4162 Modo
542 4112 615 4161 ratio
628 4112 690 4175 ipra
704 4115 767 4164 ante
779 4113 964 4164 demonstrata
977 4112 1068 4162 sedato
1086 4112 1266 4164 conservetur,
1281 4111 1370 4160 ntmt-

334 4207 397 4246 rnm
411 4196 441 4244 at
455 4195 498 4244 itti
511 4197 560 4258 aar·
570 4197 628 4246 aine
641 4199 800 4260 repetitione
810 4199 895 4260 pretii
908 4197 989 4248 strati
1002 4198 1081 4247 entra
1095 4195 1228 4250 anemae,
1241 4205 1274 4243 ea
1292 4196 1373 4244 reatt-

335 4283 424 4339 taant,
446 4294 510 4332 suas
531 4285 616 4333 reret
641 4283 781 4346 facultates
804 4285 1023 4346 aberrationem
1044 4296 1063 4334 a
1086 4283 1182 4334 natira
1203 4280 1372 4344 innitentia

334 4369 519 4428 compensator
530 4368 588 4430 tore
600 4380 650 4430 pro
665 4373 734 4421 certo
749 4363 894 4434 eaperleat.
909 4368 1027 4435 (Enseu,
1042 4368 1114 4421 illst.
1131 4367 1232 4426 cretea,
1243 4375 1269 4427 x,
1284 4365 1320 4427 5.)
