3054 5046
604 558 765 620 „37-

175 717 190 758 a
212 696 303 758 nibus
325 696 363 756 ad
382 696 550 756 lustrorum
574 693 720 756 sacrificia
742 692 921 756 celebranda
951 693 1107 775 compelli;
1141 694 1198 756 hac

175 815 190 854 u
213 795 365 855 sanctione
379 793 542 869 sancimus,
560 793 585 852 si
599 791 667 871 quis
681 792 719 852 ad
734 792 827 852 ritum
849 791 955 852 alienae
978 792 1199 872 superstitionis

175 910 191 951 c
213 891 364 970 cogendos
377 909 442 950 esse
456 889 615 950 crediderit
628 907 680 949 eos
693 889 745 968 qui
761 888 955 948 sanctissima
974 889 1032 968 legi
1053 889 1198 967 serviunt,

175 1008 190 1048 u
213 989 238 1048 si
252 987 382 1048 conditio
395 987 524 1066 patiatur
536 985 656 1066 publice
670 984 800 1046 fustibus
810 985 986 1047 verberetur
1001 1004 1008 1046 :
1025 986 1133 1048 sivero
1147 987 1200 1047 ho·

175 1111 190 1152 u
211 1091 297 1152 noris
317 1091 390 1151 ratio
403 1090 496 1150 talem
510 1089 597 1150 abeo
613 1089 738 1168 repellat
751 1088 905 1168 injuriam,
924 1089 1203 1152 condemnationem
1277 1071 1280 1078 ⁴

176 1211 191 1252 u
213 1191 362 1252 sustineat
375 1189 477 1250 damni
490 1188 669 1268 gravissimi,
685 1187 766 1268 quod
780 1187 871 1248 rebus
891 1187 1019 1267 publicis
1040 1189 1204 1250 vindicabi-

177 1297 278 1350 ctur.
318 1290 384 1350 Dat.
422 1306 490 1365 vui,
529 1287 596 1347 Kal.
632 1286 702 1348 lun.
738 1285 852 1362 Sirmii,
880 1284 990 1347 Severo
1016 1291 1046 1348 et
1080 1287 1204 1349 Rullino

177 1407 192 1448 o
215 1388 303 1448 Coss.
321 1383 406 1468 (323)
417 1383 472 1465 (1).
490 1404 506 1444 v

213 1486 285 1546 Non
300 1485 349 1545 hic
365 1482 558 1545 Constantino
573 1481 790 1544 sacrificiorum
804 1482 900 1543 lustra
915 1483 1057 1544 damnare
1071 1482 1118 1544 vel
1136 1501 1208 1562 pro-

177 1583 285 1645 hibere
300 1583 348 1644 vel
358 1583 448 1643 etiarn
464 1581 602 1641 minuere
614 1580 646 1640 in
658 1580 758 1643 animo
772 1585 847 1657 erat,
859 1599 915 1642 nec
925 1599 993 1641 earo
1003 1581 1101 1659 legem
1115 1580 1210 1641 chris·

176 1681 267 1742 tianae
290 1679 443 1758 religionis
466 1677 676 1758 promovendae
700 1677 798 1738 studio
820 1677 912 1738 latam
936 1677 1028 1738 fuisse
1057 1676 1209 1738 evidenter

176 1782 311 1858 apparet.
327 1776 409 1836 Nihil
424 1776 506 1836 aliud
519 1776 682 1855 imperator
697 1775 753 1834 sibi
767 1774 958 1854 proposuisse
971 1773 1101 1851 videtur,
1117 1793 1210 1853 quam

177 1874 399 1936 ultramodum
414 1874 599 1934 lascivientes
613 1892 798 1953 paganorum
817 1873 945 1950 animos,
967 1873 1045 1934 intra
1056 1873 1154 1952 justos
1168 1872 1207 1931 fi·
1240 1907 1242 1912 ·

177 1994 232 2034 nes
255 1973 420 2048 continere,
436 1972 476 2032 ita
498 1978 532 2031 ut
551 1972 655 2032 alienae
669 1971 799 2032 libertati
821 1991 882 2030 non
905 1975 1057 2031 nocerent.
1080 1970 1124 2032 Ac
1138 1990 1209 2032 sane

178 2071 363 2152 injuriosum
378 2074 452 2146 erat,
474 2075 503 2129 et
520 2069 760 2148 uniuscujusque
781 2067 911 2128 libertati
929 2068 1125 2147 contrarium,
1147 2075 1176 2130 et
1193 2090 1212 2132 a

179 2168 302 2249 publica
325 2185 397 2247 pace
425 2165 569 2242 alienum,
597 2171 626 2225 et
649 2165 751 2225 minus
775 2164 870 2226 edicto
894 2165 1109 2227 Mediolanensi
1136 2186 1209 2227 con-

179 2283 306 2344 gruum,
323 2263 348 2322 si
369 2264 418 2322 cui
437 2263 541 2324 liceret
559 2262 597 2323 ad
616 2262 693 2322 ritus
708 2280 778 2322 suos
797 2262 924 2323 invitum
937 2263 1129 2342 compellere.
1143 2263 1212 2324 Non

180 2363 272 2442 igitur
286 2366 352 2423 erat
363 2365 495 2422 veterem
509 2360 686 2439 religionem
704 2359 840 2421 violantis
855 2361 1006 2422 catholicae
1029 2366 1118 2422 sectae
1142 2380 1208 2422 ser·
1259 2395 1262 2404 .

179 2462 295 2522 vientes
308 2479 346 2519 ex
367 2458 559 2520 acerbissima
581 2458 734 2519 vexatione
749 2457 876 2538 eripere.
894 2459 959 2518 Imo
981 2460 1038 2520 hac
1061 2459 1212 2521 sanctione

180 2557 406 2620 demonstrabat
419 2557 581 2635 imperator
595 2575 627 2616 se
639 2557 727 2635 velle,
740 2561 773 2617 ut
782 2557 861 2618 inter
874 2557 1005 2618 diversas
1013 2557 1134 2637 imperii
1142 2559 1212 2619 reli-

180 2657 285 2736 giones
300 2655 424 2736 paribus
435 2654 513 2715 libra
531 2654 698 2715 examinata
717 2655 902 2734 ponderibus
915 2655 1072 2735 penderet.
1087 2655 1212 2717 Interim

180 2754 257 2833 legis
271 2754 399 2832 hujusce
413 2751 574 2812 necessitas
588 2751 745 2832 perspicue
761 2751 883 2830 indicat,
906 2772 966 2813 non
986 2752 1212 2814 dissimulanter

183 2856 212 2911 et
226 2850 334 2910 furtim
351 2855 381 2910 et
394 2855 478 2910 extra
491 2850 627 2909 omnium
643 2856 834 2929 conspectum
850 2850 926 2910 ritus
940 2851 987 2930 agi
1002 2868 1143 2930 paganoS,
1160 2852 1213 2913 sed

183 2950 283 3028 palam
303 2952 333 3007 et
353 2947 446 3007 libere
460 2952 490 3006 et
509 2945 541 3006 in
563 2947 663 3008 media
683 2948 751 3008 luce
771 2947 903 3026 tractari,
926 2953 956 3009 et
979 2940 1089 3011 adactis
1112 2967 1210 3027 quan·

183 3047 282 3126 doque
297 3065 352 3126 per
365 3045 533 3105 ludibrium
547 3045 578 3106 in
593 3046 764 3107 societatem
779 3065 897 3126 pompae
907 3046 1088 3108 christianis.

224 3145 335 3204 Nostra
362 3148 463 3204 autem
488 3143 646 3224 disputatio
670 3143 848 3204 certioribus
878 3144 1083 3206 monumentis
1109 3144 1214 3207 nititur

184 3261 277 3322 quam
291 3247 325 3302 ut
337 3241 508 3322 impugnari
522 3242 636 3321 possint
649 3246 703 3302 aut
719 3241 751 3301 in
769 3241 971 3321 suspicionem
991 3242 1110 3320 adduci,
1133 3243 1211 3324 legi-

183 3340 242 3402 hus
255 3360 366 3422 nempe
379 3346 408 3402 et
422 3338 683 3401 constitutionibus
696 3339 792 3420 ipsius
810 3339 1007 3417 Constantini,
1023 3345 1126 3403 contra
1138 3361 1214 3422 quas

185 3440 300 3502 nullius
314 3439 479 3520 scriptoris,
495 3439 679 3518 quicumque
700 3437 748 3515 sit,
764 3438 924 3499 auctoritas
944 3439 1111 3519 praevaleat.
1135 3441 1213 3503 Cum

186 3539 333 3618 quaeritur
351 3538 426 3618 quid
441 3537 487 3599 vel
505 3536 707 3617 propaganis,
723 3536 796 3617 quid
811 3541 912 3597 autern
926 3543 1028 3598 contra
1044 3557 1095 3598 eos
1114 3539 1211 3601 Cons-

185 3635 319 3696 tantinus
334 3634 471 3714 gesserit,
486 3639 516 3694 et
528 3634 678 3714 quomodo
692 3639 826 3694 veterem
840 3635 1008 3696 tractaverit
1024 3635 1211 3715 religionem,

187 3733 211 3793 si
224 3733 340 3793 Zosimo
350 3732 529 3808 Eusebium,
542 3732 694 3793 Socratem
702 3737 732 3792 et
746 3731 946 3794 Sozomenum
957 3732 1081 3794 Libanio
1090 3738 1119 3793 et
1128 3733 1214 3814 Sym-

186 3831 291 3890 macho
303 3816 446 3909 opponaS‚
460 3828 591 3889 difficilis
606 3830 662 3890 erit
675 3828 844 3907 aestimatio,
854 3835 884 3891 et
898 3829 1000 3907 dubia,
1012 3849 1213 3910 quaecumque

187 3928 224 3987 sit
251 3928 350 3988 denuo
371 3928 534 4004 conclusio,
556 3932 658 4007 utpote
683 3927 732 3988 cui
754 3928 902 3989 contraria
927 3948 964 3988 ex
986 3929 1079 3990 altero
1103 3928 1214 3989 deduci

186 4030 285 4104 queat.
301 4024 441 4105 Speciosa
454 4024 540 4086 estin
550 4030 836 4105 utramquepartem
848 4024 1021 4104 disputandi
1030 4021 1166 4097 materia,
1181 4027 1211 4082 et

187 4141 223 4182 ex
236 4141 296 4202 qua
309 4141 363 4202 par
377 4122 520 4202 utrinque
533 4121 761 4184 verisimilitudo
770 4122 958 4183 interluceat.
975 4122 1015 4182 At
1029 4122 1054 4184 si
1069 4119 1211 4179 Constan-

219 4334 254 4403 (1)
274 4337 337 4388 cod.
356 4337 493 4397 Theodec,
508 4346 565 4394 rvr,
581 4335 612 4384 tlt
627 4335 669 4399 tl,
684 4334 701 4386 l.
718 4335 744 4385 5.
