3054 5046
718 972 869 1054 eleut
897 975 939 1055 ll.

488 1167 504 1220 l
519 1167 633 1222 loturo·
647 1168 738 1223 tiriolo
751 1181 830 1237 mque
842 1170 874 1223 sl
887 1170 1041 1226 (ἶοιιιειιὶιί
1055 1175 1168 1228 nortem

758 1405 897 1427 —QOD-

355 1622 388 1684 Si
402 1621 825 1702 scriptoribusecclesiasticis,
835 1623 967 1684 Eusebio
980 1623 1012 1683 in
1024 1623 1143 1703 primis,
1153 1624 1247 1685 tidem
1256 1626 1344 1713 adbi-¹

214 1794 217 1799 ,
315 1720 400 1798 beas,
415 1720 638 1798 Constantinus,
647 1726 791 1800 tanquam
802 1721 1030 1800 exspectavisset
1043 1726 1077 1781 ut
1091 1741 1156 1782 sese
1164 1723 1345 1803 ostenderet,

315 1819 410 1878 donec
434 1819 517 1878 solus
539 1824 619 1878 esset
642 1837 747 1877 rerum
769 1819 898 1894 arbiter,
926 1817 1043 1879 sublato
1059 1819 1188 1880 demum
1213 1820 1344 1898 Licinio,

315 1934 438 1976 omnem
457 1915 679 1975 simulationem
699 1915 814 1994 omisit,
834 1935 890 1976 nec
904 1916 1035 1995 amplius
1052 1916 1211 1994 dubitavit,
1229 1923 1346 1978 veteres

316 2012 411 2089 ritus,
426 2011 538 2090 quibus
553 2011 645 2070 invito
658 2011 759 2072 animo
772 2014 917 2074 hactenus
937 2018 1126 2092 pepercerat,
1147 2013 1345 2093 impugnare,

316 2127 428 2188 eosque
442 2109 506 2187 jam
522 2109 664 2187 apertavi
678 2115 812 2170 evertere
825 2116 855 2170 et
868 2111 988 2172 abolere
1001 2130 1162 2190 aggressus
1176 2117 1231 2172 est.
1247 2113 1345 2189 Turn,

315 2225 392 2286 quos
403 2207 613 2284 absconderat,
632 2202 725 2267 animi
744 2227 853 2268 sensus
867 2227 1014 2288 erupere,
1033 2215 1062 2270 et
1081 2215 1184 2289 erepta
1199 2229 1345 2289 persona,

316 2304 385 2384 quis
399 2323 503 2364 revera
521 2310 601 2364 esset
610 2305 723 2384 patuit,
736 2324 857 2384 paganae
874 2325 984 2386 nempe
999 2306 1151 2384 religionis
1168 2307 1347 2369 manifestus

317 2405 428 2481 bostis,
440 2404 670 2483 christianaeque
680 2406 724 2469 rei
735 2405 888 2466 studiosus
901 2410 1115 2485 propugnator.
1132 2407 1211 2466 Tum
1222 2413 1348 2484 pectore

318 2503 358 2563 ab
369 2505 434 2563 imo
447 2522 531 2564 verce
543 2523 630 2564 voces
637 2551 646 2580 ,
661 2504 772 2564 scilicet
783 2503 843 2564 duo
855 2504 1000 2564 solemnia
1009 2503 1105 2564 edicta
1114 2503 1226 2582 exiere,
1237 2505 1348 2584 quibus

318 2607 348 2662 et
365 2608 466 2664 vetera
487 2601 621 2663 instituta
643 2607 672 2662 et
692 2603 807 2682 priores
828 2602 978 2682 principes
999 2602 1067 2662 odio
1085 2602 1167 2681 gravi
1186 2603 1346 2680 onerabat,

319 2700 565 2779 singularemque
577 2699 609 2759 in
625 2700 802 2760 christianos
818 2699 1059 2760 benevolentiam
1072 2699 1248 2760 testabatur.
1264 2700 1349 2760 Tunc

319 2817 425 2859 omnes
435 2799 583 2874 honoreS,
599 2798 700 2858 omnia
714 2798 810 2858 civilia
823 2803 854 2858 et
865 2797 898 2856 in
908 2797 1015 2878 palatio
1029 2800 1059 2856 et
1070 2796 1103 2856 in
1114 2796 1272 2875 provinciis
1282 2817 1350 2857 mu-

323 2915 397 2956 nera
411 2896 590 2975 penessolos
599 2896 775 2956 christianos
786 2897 851 2975 jam
864 2895 948 2955 lieri:
964 2895 1050 2955 Tunc
1057 2913 1151 2954 novus
1161 2913 1267 2954 rerum
1276 2896 1349 2955 ordo

320 2994 401 3054 nasci
411 2993 577 3071 videbatur,
589 2999 619 3054 et
633 2995 722 3073 paulo
735 3000 804 3054 ante
818 2993 1007 3072 emancipati,
1019 2994 1083 3071 jam
1097 2991 1248 3053 confidere
1256 2993 1351 3054 chris·

319 3092 391 3152 tiani
410 3096 545 3171 poterant
558 3111 625 3151 eam
638 3091 754 3152 venisse
770 3092 864 3170 diem,
883 3110 955 3171 qua,
977 3095 1012 3150 ut
1027 3090 1108 3151 fama
1121 3094 1206 3150 vetus
1221 3090 1348 3167 ferebat,
1439 3115 1444 3126 ·

320 3188 439 3249 Jodaea
445 3190 584 3267 profecti
597 3206 708 3248 rerum
717 3191 901 3267 potirentur
914 3187 969 3270 (1).

360 3288 416 3348 llla
436 3292 538 3347 tamen
553 3292 624 3346 aetas
644 3305 736 3347 aurea
752 3287 888 3347 nondum
902 3286 1072 3347 christianis
1086 3285 1237 3362 illuxerat,
1249 3286 1348 3347 Euse-

320 3385 451 3464 biusque
472 3405 508 3445 ea
528 3385 733 3465 potissimum,
757 3385 888 3446 alterum
909 3384 1040 3462 Mosem,
1066 3389 1100 3444 ut
1123 3384 1351 3445 Constantinum

320 3483 450 3564 appellat
462 3483 544 3544 haud
555 3483 668 3560 semel,
685 3483 840 3563 scripsisse
852 3483 939 3543 linuit
952 3503 1020 3562 quae
1034 3483 1099 3563 ipse
1113 3493 1190 3565 sane
1198 3482 1350 3563 cupiebat,

198 3637 201 3644 .
320 3601 381 3642 non
393 3600 461 3661 quae
477 3581 576 3661 reipsa
592 3581 755 3660 imperator
769 3581 897 3661 scripsit.

360 3679 424 3740 Nec
431 3679 567 3759 apprime
574 3679 653 3739 inter
662 3697 694 3740 se
704 3684 874 3758 congruunt
882 3698 951 3759 quae
961 3678 993 3738 in
1001 3679 1049 3738 bis
1059 3678 1237 3738 Eusebianis
1247 3678 1351 3738 edictis

320 3777 521 3838 continentur.
543 3775 632 3836 Nunc
652 3777 734 3836 enim
757 3795 862 3836 omnes
883 3776 1024 3857 expulsos
1047 3776 1141 3836 fuisse
1159 3775 1351 3854 magistratus

320 3880 423 3936 narrat
443 3873 495 3954 qui
509 3879 610 3935 vetera
629 3874 763 3934 instituta
778 3874 1008 3935 sectabantur-et
1024 3873 1120 3934 civilia
1136 3874 1258 3950 munia,
1275 3874 1352 3934 nulli

319 3972 378 4032 nisi
389 3971 558 4032 christianis
572 3970 669 4032 delata
679 3991 687 4046 ;
699 3991 780 4032 nunc
793 3972 886 4032 fuisse
896 3971 1020 4033 vetitum
1029 3990 1068 4031 ne
1082 3970 1151 4050 quis
1160 3971 1352 4050 magistratus

320 4072 358 4131 ad
376 4070 537 4134 simulacra
553 4070 724 4147 accederet,
749 4071 794 4130 vel
815 4070 893 4130 Deos
913 4089 998 4130 more
1017 4071 1169 4149 majorum
1195 4069 1349 4130 sacrificiis

351 4267 388 4332 (t)
406 4267 509 4331 Trou„
523 4267 608 4327 Birt..
623 4277 650 4327 v,
667 4267 707 4319 15.
