3054 5046
747 537 909 600 ...ss-

316 669 488 733 carceribus
496 670 544 732 rel
554 689 571 732 e
581 669 710 734 metallis
723 671 824 751 educi,
838 671 973 754 undique
988 679 1082 736 caetus
1095 691 1196 754 agere,
1212 673 1351 756 ritusque

315 787 387 830 suos
403 769 527 859 publice¹
542 775 572 831 et
592 769 656 832 sine
676 771 949 853 interpellatoribus
975 773 1134 836 facessere.
1155 772 1219 834 Viae
1241 791 1350 834 omnes

315 867 486 948 ingentibus
514 869 747 931 christianorum
775 870 901 932 catervis
926 871 1155 951 complebantur
1177 869 1298 950 hymnis
1321 875 1353 932 et

315 965 441 1046 psalmis
461 966 560 1029 Deum
580 967 779 1029 laudantium.
796 968 896 1030 Etiam
909 969 1047 1049 gentiles,
1063 968 1156 1031 rebus
1169 968 1211 1032 ita
1226 987 1352 1050 compo-

316 1065 392 1145 sitis,
408 1066 544 1128 nonnihil
558 1068 653 1129 laetari
666 1067 846 1130 uidebantur
862 1067 919 1152 (l).

356 1164 420 1226 Neo
436 1169 538 1227 tamen
554 1165 635 1226 ultra
654 1183 708 1228 sex
726 1183 848 1228 menses
868 1184 927 1246 pax
945 1166 1002 1230 ista
1021 1166 1139 1228 duravit
1158 1165 1216 1227 sub
1234 1166 1353 1228 crudeli

317 1261 451 1344 principe
468 1269 498 1324 et
518 1263 619 1324 nimiis
636 1263 897 1345 superstitionibus
914 1265 1025 1326 dedito.
1044 1265 1185 1346 Namque
1202 1265 1241 1326 ad
1259 1283 1354 1326 novas

317 1365 396 1423 artes
422 1367 647 1443 praetextusque
672 1361 875 1424 instaurandae
904 1362 1120 1444 persecutionis
1145 1381 1178 1425 se
1206 1362 1355 1424 convertit

317 1457 510 1539 Maximinus,
526 1460 697 1523 subornatis
710 1461 863 1522 civitatum
884 1466 914 1523 et
935 1461 1104 1542 praesertim
1120 1460 1285 1522 Antiochiae
1302 1459 1350 1522 le·

316 1559 485 1638 gationibus
499 1560 666 1640 petentium
679 1566 714 1622 ut
729 1560 883 1622 christiani
901 1580 919 1621 e
935 1560 1090 1622 moenibus
1103 1559 1189 1621 urbis
1203 1559 1350 1621 extermi-

317 1663 463 1721 narentur
477 1658 662 1741 (2),.quibus
676 1678 737 1721 non
752 1658 863 1722 invitus
886 1659 1007 1737 cedens,
1023 1657 1211 1736 christianos,
1227 1663 1352 1738 excepta

318 1762 426 1834 morte,
447 1757 648 1820 acerbissimis
663 1757 817 1838 suppliciis
829 1756 910 1818 allici
927 1757 1018 1836 jussit
1030 1756 1088 1840 (3),
1104 1757 1199 1817 donec
1212 1754 1305 1817 rebus
1316 1755 1350 1816 in

319 1852 480 1916 Occidente
498 1855 589 1935 gestis
608 1861 639 1917 et
660 1854 844 1918 Constantini
861 1856 899 1918 ad
916 1855 1043 1917 Pontem
1057 1845 1194 1916 Milviuln
1216 1853 1351 1933 victoria,

320 1948 534 2013 deterreretur.
810 2021 825 2042 ⁸

361 2047 530 2111 Muenfim
539 2049 571 2111 in
579 2050 665 2112 Italia
673 2069 789 2130 rerum,
799 2050 921 2112 nomine
930 2050 1071 2131 Augusti,
1080 2051 1203 2132 potitus,
1215 2048 1352 2130 primum

321 2147 483 2209 Christiani
504 2166 665 2229 personam
686 2149 828 2211 induerat
847 2147 904 2232 (la),
928 2147 1093 2230 legatisque
1118 2149 1182 2210 suis
1201 2148 1234 2209 in
1261 2166 1352 2210 man·

320 2245 396 2307 datis
413 2245 536 2307 dederat
555 2250 589 2306 ut
605 2264 799 2328 nequaquam
813 2251 916 2309 eontra
933 2246 1111 2308 christianos
1132 2245 1271 2308 saevirent
1282 2243 1329 2329 (5)
1345 2264 1352 2304 :

320 2362 392 2405 mox
402 2342 521 2405 firmata
534 2344 746 2423 dominatione,
761 2345 794 2406 in
806 2344 978 2406 violentiam
996 2344 1168 2425 flagitiaque
1182 2344 1281 2405 omnis
1296 2363 1352 2423 ge·

320 2439 403 2503 neris
417 2439 558 2522 delapsus
571 2447 617 2503 est
630 2440 686 2524 (6).
701 2441 817 2504 Deinde
827 2441 922 2522 patris
930 2441 1105 2505 Maximiani
1118 2440 1264 2502 ultionem
1277 2458 1356 2522 prae-

320 2539 461 2618 tendens,
481 2559 574 2621 quem
594 2540 659 2622 ipse
677 2541 766 2622 paulo
783 2546 850 2622 post
863 2560 902 2602 ex
914 2540 1001 2603 Italia
1013 2540 1185 2619 expulerat,
1204 2543 1236 2599 et
1253 2537 1354 2600 ambi-

320 2637 400 2699 tione
413 2639 524 2720 potius,
539 2638 692 2720 totiusque
704 2639 824 2720 imperii
840 2638 1023 2720 adipiscendi
1043 2637 1178 2715 libidine,
1198 2641 1312 2699 statuas
1325 2641 1357 2697 et

321 2738 468 2818 imagines
481 2738 666 2800 Constantini
686 2738 773 2818 dejici
791 2738 893 2818 jussit,
910 2736 1044 2817 bellique
1057 2738 1211 2797 fortunam
1224 2733 1357 2816 experiri
1436 2754 1440 2760 ·

321 2855 481 2916 aggressus
501 2843 556 2898 est.
572 2836 602 2898 Α
614 2840 716 2898 nostro
734 2835 859 2916 quidem
877 2834 1001 2896 consilio
1022 2835 1156 2896 alienum
1175 2839 1222 2894 est
1240 2833 1357 2894 referre

326 2978 377 3030 mel
394 2984 421 3030 et
434 2979 527 3030 iterum
541 2978 686 3030 declaratur
699 2980 769 3030 nullo
782 2979 859 3031 modo
871 2979 992 3044 nullaque
1005 2979 1105 3031 ratione
1118 2975 1266 3042 persuaderi
1280 2987 1358 3041 posse

323 3062 476 3114 christianos
489 3068 519 3114 ut
531 3064 564 3115 ad
578 3063 645 3115 lteos
659 3062 774 3116 redeant.
789 3082 802 3111 a
819 3063 936 3131 (Euesa,
949 3065 1022 3115 litat.
1038 3065 1137 3124 coeka,
1150 3073 1188 3125 rx,
1206 3057 1241 3127 t.)

356 3160 391 3224 tt)
410 3161 515 3225 Euesa,
538 3165 609 3216 Htot.
630 3165 702 3224 eccl..
726 3175 764 3228 tx,
788 3166 812 3215 t.
836 3155 899 3216 Τοὺς
922 3151 1040 3229 πρότερον
1064 3151 1119 3209 καθ’
1142 3153 1211 3227 ἡμῶν
1234 3155 1358 3224 φονῶντας

323 3253 471 3327 συγχαίρειν
488 3258 540 3315 τοῖς
552 3253 731 3329 γεγενημένοις.

356 3344 391 3412 (2)
410 3345 516 3409 Euesa,
530 3347 605 3399 not.
619 3348 719 3411 coclea,
735 3358 773 3409 rx,
786 3346 812 3409 t,
828 3347 854 3398 3.
908 3417 910 3422 ,

356 3429 392 3494 (3)
410 3448 423 3476 ι(
442 3431 505 3482 cum
527 3431 689 3484 clementiam
707 3431 794 3497 speeie
815 3436 892 3483 mnus
913 3430 1076 3495 profiteretur
1096 3425 1179 3480 occidi
1202 3435 1291 3476 servos
1310 3421 1358 3474 oet

323 3515 412 3578 vetuit,
435 3516 563 3570 debilitari
579 3519 667 3583 jussit.
684 3521 772 3584 ltaque
788 3517 980 3570 confessoribus
999 3514 1187 3568 effodiebantur
1207 3510 1285 3570 oculi,
1299 3521 1358 3560 am·

324 3600 478 3663 putabantur
496 3616 595 3666 manus,
614 3604 693 3668 pedes
715 3603 939 3666 detruncabantur,
957 3614 1033 3654 nares
1051 3598 1092 3651 vel
1111 3595 1231 3649 auricula
1249 3593 1358 3645 deseca-

322 3685 427 3737 bantur.
442 3706 455 3733 υ
474 3685 626 3755 (mortun,
641 3693 680 3742 Do
693 3693 775 3742 mort.
788 3692 931 3753 persecut,
947 3683 1002 3752 56.)

357 3784 392 3852 (t)
409 3777 553 3856 ἈρχόμΜς
565 3784 610 3841 τὴν
623 3781 678 3837 καθ’
691 3784 756 3858 ἡμᾶς
768 3783 854 3837 πίστιν
866 3781 905 3836 ἐπ’
919 3775 1212 3856 &praesignaremus
1225 3777 1269 3827 τοῦ
1278 3768 1358 3845 δὴμου

324 3862 444 3935 Ρωμαίων
457 3864 661 3937 καθυπεκρίνατο.
678 3869 967 3938 (Eusnx.‚11tst.eoct.,
984 3879 1042 3930 vui,
1059 3862 1111 3932 tt.)
1124 3865 1159 3915 tte
1173 3862 1253 3913 Roma
1267 3859 1305 3909 sto
1318 3859 1359 3909 lo-

324 3952 411 4016 quitur
425 3953 551 4005 Eusebius
564 3955 634 4008 velut
647 3955 679 4006 de
692 3954 759 4026 urbe!
770 3955 873 4006 omnino
891 3951 1030 4005 christiana
1046 3949 1088 4002 cui
1100 3945 1165 3998 nibil
1181 3943 1264 4010 magis
1281 3953 1357 4006 quam

325 4035 467 4101 tmperator
480 4037 635 4092 christianus
647 4038 719 4091 cordi
734 4043 812 4090 esset.

359 4119 396 4188 (5)
413 4120 520 4184 Eusnn,
533 4122 601 4174 soto.

359 4202 394 4270 (6)
412 4205 522 4267 Busan,
533 4207 612 4268 totu,
625 4209 678 4263 rit.
690 4209 791 4268 comt„
801 4207 822 4270 l,
833 4207 876 4258 55.
889 4204 1025 4258 —Sextus
1038 4204 1172 4255 nonnitus
1193 4197 1303 4260 Vroron,
1318 4195 1358 4248 De

328 4299 546 4360 occumbente.
