3054 5046
770 529 931 594 ..32„.

332 685 402 729 mus
416 667 499 747 quali
507 673 580 729 tunc
591 668 736 748 temporis
751 685 823 746 erga
831 635 965 728 veterem
979 665 1156 744 religionem
1165 669 1266 726 mente
1274 665 1365 726 inerit

331 765 555 844 Constantinus,
570 772 600 827 at
613 767 720 828 saltem
731 766 795 827 sine
812 764 995 830 dubitatione
1008 762 1164 826 affirmare
1178 761 1259 840 licet,
1278 762 1365 824 illum

227 853 232 859 ’
330 864 509 944 principem,
532 865 620 944 cujus
643 866 741 926 omnis
759 869 879 925 moneta
901 861 1063 942 gentilibus
1084 860 1255 926 simulacris
1282 879 1366 924 sacra

331 967 406 1040 erat,
422 967 452 1021 et
465 962 514 1022 cui
527 981 633 1023 arcum
646 962 863 1042 triumphalem
876 959 1033 1040 insculptis
1046 959 1201 1020 sacrifieiis
1211 964 1362 1037 ornatum,

331 1065 361 1120 et
372 1065 484 1121 statuas
499 1061 591 1121 veluti
607 1061 680 1138 Deo,
697 1067 727 1122 et
740 1061 857 1138 fanum,
873 1065 904 1121 et
921 1059 1089 1120 sacerdotes
1102 1057 1288 1136 deserebant,
1305 1059 1363 1119 mi·

330 1157 412 1219 nime
427 1175 583 1220 sacrorum
596 1166 733 1221 veterum
747 1178 866 1220 osorem
880 1164 910 1219 et
924 1155 1115 1238 depulsorem
1126 1155 1241 1217 baberi.

370 1255 505 1318 Socrates
515 1258 675 1320 historicus
686 1277 766 1319 unus
776 1256 1003 1318 Constantinum
1010 1254 1102 1316 tradit
1112 1256 1176 1334 jara
1186 1259 1254 1315 ante
1264 1254 1363 1316 subla-

329 1359 396 1415 tum
410 1354 559 1416 Licinium
573 1356 732 1436 gentilium
745 1355 858 1435 templa
870 1354 986 1416 occludi
1003 1358 1033 1414 et
1045 1352 1138 1414 everti
1155 1362 1185 1413 et
1203 1352 1363 1414 simulacra

329 1471 399 1532 quae
417 1453 449 1514 in
467 1453 504 1513 iis
523 1459 609 1515 ararit
627 1454 774 1535 publicari
788 1453 915 1533 jussisse
934 1451 989 1533 (1).
1012 1452 1052 1512 At
1066 1450 1192 1530 scriptor
1205 1450 1268 1527 ille,
1289 1451 1362 1510 dum

328 1548 459 1612 breviter
472 1558 502 1613 et
512 1553 637 1631 cursim,
649 1573 684 1614 ea
697 1573 766 1632 quae
779 1558 848 1614 ante
861 1555 995 1612 exortam
1003 1550 1068 1610 Arii
1077 1548 1230 1625 haeresim,
1242 1548 1361 1613 eCons-

328 1648 441 1709 lantino
455 1656 537 1729 gesta
551 1655 622 1711 sunt
636 1650 763 1729 attingit,
775 1669 836 1711 non
849 1649 920 1710 satis
934 1654 1069 1710 exactam
1081 1653 1254 1727 temporum
1267 1648 1359 1709 ratio·

327 1763 399 1806 nera
407 1747 508 1808 forsan
516 1747 631 1824 habuit,
643 1767 699 1809 nec
709 1753 755 1808 est
764 1745 1058 1826 quodtestimonium
1068 1745 1145 1805 illud
1155 1745 1359 1822 admittamus,

328 1845 497 1925 praesertim
508 1865 578 1906 cnm
593 1847 630 1906 de
640 1865 675 1907 ea
688 1865 721 1908 re
737 1851 766 1906 et
776 1844 928 1906 Eusebius
937 1850 968 1906 et
980 1844 1152 1905 lactantius
1161 1848 1287 1906 taceant.

368 1942 529 2005 Nonnullae
549 1945 696 2006 tamenin
714 1944 821 2006 Codice
843 1943 1048 2005 Theodosiano
1067 1943 1149 2021 leges
1168 1942 1361 2022 reperiuntur

327 2059 396 2120 quae
410 2049 478 2102 ante
487 2043 599 2102 victum
614 2043 764 2104 Licinium
779 2043 846 2103 letae
855 2041 927 2102 huic
941 2041 1070 2102 Socratis
1083 2040 1253 2101 testimonio
1271 2059 1357 2102 occa-

326 2137 442 2198 sionem
456 2140 622 2218 praebuisse
632 2140 783 2202 videntur.
800 2140 875 2200 Duae
885 2140 967 2218 leges
980 2139 1017 2199 de
1028 2137 1258 2218 Haruspicibus,
1270 2143 1305 2198 ut
1317 2137 1359 2198 vi·

327 2235 416 2296 detur
429 2238 613 2317 coercendis,
629 2239 737 2300 eodem
749 2257 828 2301 anno
841 2237 902 2298 319
915 2257 933 2299 a
949 2237 1142 2299 Constantino
1163 2237 1250 2314 datae,
1269 2235 1313 2297 sic
1327 2253 1359 2296 se

325 2331 446 2395 habent.

466 2492 548 2572 Imp.
569 2477 798 2556 Constantinus
812 2493 851 2555 A.
867 2494 912 2555 ad
925 2494 1107 2555 Maximum
1119 2493 1158 2558 P.
1181 2493 1214 2556 V.
1236 2570 1243 2580 Ι

366 2663 383 2704 c
404 2642 516 2704 Nrdlus
530 2643 690 2725 Haruspex
705 2644 801 2705 limen
818 2643 941 2705 alterius
955 2643 1085 2720 accedat,
1104 2662 1160 2704 nec
1176 2641 1214 2703 ob
1233 2640 1356 2703 alteram

326 2761 342 2802 c
364 2759 502 2816 causam3
519 2743 573 2802 sed
585 2742 678 2820 hujus
691 2742 773 2802 modi
787 2741 945 2802 hominurn
965 2741 1102 2820 quamvis
1120 2746 1206 2802 vetus
1227 2741 1356 2804 amicitia

325 2858 342 2899 c
365 2839 549 2919 repellatur:
566 2839 785 2900 concremando
798 2839 850 2900 illo
860 2839 1019 2919 haruspice
1033 2839 1085 2919 qui
1101 2839 1139 2899 ad
1148 2839 1274 2900 domurn
1285 2839 1355 2902 alie·

324 2955 340 2998 a
363 2956 434 2998 nam
453 2937 611 2998 accesserit
632 2955 639 2998 τ
657 2937 710 2998 illo
730 2942 760 2998 et
780 2937 923 3017 quicum
945 2936 1135 2998 suasionibus
1155 2937 1202 2997 vel
1223 2937 1356 3017 praerniis

325 3055 341 3098 a
364 3035 539 3113 evocaverit,
555 3040 622 3116 post
638 3034 859 3115 ademptionem
873 3036 1033 3113 bonorum,
1052 3035 1085 3096 in
1100 3035 1231 3098 insulam
1248 3035 1352 3097 detru-

323 3151 340 3192 α
362 3130 470 3192 dendo.
497 3131 707 3211 Superstitioni
723 3131 805 3193 enim
821 3151 884 3194 suae
899 3131 1011 3193 servire
1029 3131 1200 3212 cupientes,
1215 3139 1355 3212 poterunt

324 3250 341 3291 c
363 3229 483 3310 publice
493 3229 586 3290 ritum
596 3229 753 3310 proprium
763 3249 915 3292 exercere.
927 3232 1139 3292 Accusatorem
1150 3236 1252 3292 autern
1262 3231 1353 3310 hujus

323 3348 340 3389 c
362 3327 497 3390 criminis
510 3347 571 3389 non
584 3328 747 3390 delatorem
761 3347 841 3408 esse,
853 3330 906 3390 sed
916 3328 1042 3428 dignum
1052 3329 1147 3408 magis
1161 3329 1285 3410 praemio
1299 3348 1350 3391 ar·

323 3446 339 3487 e
361 3424 523 3487 bitramur.
543 3425 578 3487 Ρ.
603 3425 639 3487 Ρ.
665 3426 731 3487 Kal.
758 3426 850 3488 Febr.
872 3427 978 3488 Romae
1007 3425 1199 3488 Constantino
1216 3427 1255 3489 A.
1276 3426 1303 3487 V
1324 3432 1354 3489 et

322 3543 339 3584 c
361 3523 476 3587 Licinio
491 3523 568 3586 Caes.
585 3523 669 3587 Coss.
688 3523 785 3608 (319).
810 3543 826 3586 r

671 3713 762 3776 Idem
775 3715 820 3775 od
832 3712 1005 3792 Populum.

362 3884 379 3925 c
401 3863 583 3944 Haruspices
605 3868 635 3926 et
657 3864 836 3941 sacerdoteS,
851 3869 881 3924 et
898 3882 950 3924 eos
968 3863 1026 3943 ¹qui
1039 3861 1111 3922 huic
1131 3861 1204 3922 ritui
1221 3861 1351 3923 assolent

322 3981 338 4022 e
360 3961 531 4041 ministrare
549 3961 587 4021 ad
603 3960 749 4041 privatam
763 3959 889 4021 domum
904 3959 1100 4041 prohibemus
1114 3963 1283 4038 penetrare,
1303 3957 1350 4020 rel

352 4209 388 4278 (1)
405 4194 450 4261 Eri
464 4199 491 4257 tl
504 4204 546 4257 καὶ
559 4203 616 4265 τοὺς
629 4185 741 4262 bibres
754 4203 825 4266 ναοὺς
842 4201 926 4256 adriae
939 4204 985 4276 μαὶ
1001 4203 1124 4276 καθαιρῶν
1140 4203 1181 4255 καὶ
1198 4196 1349 4274 δημοσιεύων

317 4289 350 4341 τὰ
364 4286 388 4340 ἰν
403 4288 488 4346 αὐτοῖς
503 4281 647 4358 ἀγάλματα.
663 4289 797 4356 (Sonare,
811 4290 883 4342 Hirt.
896 4290 994 4343 eccles..
1009 4300 1028 4350 ι,
1041 4285 1078 4354 2.)
