<?xml version="1.0" encoding="UTF-8"?>
<!DOCTYPE html PUBLIC "-//W3C//DTD XHTML 1.0 Transitional//EN"
    "http://www.w3.org/TR/xhtml1/DTD/xhtml1-transitional.dtd">
<html xmlns="http://www.w3.org/1999/xhtml" xml:lang="en" lang="en">
 <head>
  <title>
</title>
<meta http-equiv="Content-Type" content="text/html;charset=utf-8" />
  <meta name='ocr-system' content='tesseract 3.04.00' />
  <meta name='ocr-capabilities' content='ocr_page ocr_carea ocr_par ocr_line ocrx_word'/>
</head>
<body>
  <div class='ocr_page' id='page_1' title='image "./deconstantinoim00aubgoog_0094.png"; bbox 0 0 3054 5046; ppageno 0'>
   <div class='ocr_carea' id='block_1_1' title="bbox 577 1099 797 1181">
    <p class='ocr_par' dir='ltr' id='par_1_1' title="bbox 577 1099 797 1181">
     <span class='ocr_line' id='line_1_1' title="bbox 577 1099 797 1181; baseline 0 -3"><span class='ocrx_word' id='word_1_1' title='bbox 577 1100 727 1181; x_wconf 72' lang='lat' dir='ltr'>sslPllT</span> <span class='ocrx_word' id='word_1_2' title='bbox 755 1099 797 1179; x_wconf 92' lang='lat' dir='ltr'>ll.</span> 
     </span>
    </p>
   </div>
   <div class='ocr_carea' id='block_1_2' title="bbox 252 1291 1034 1381">
    <p class='ocr_par' dir='ltr' id='par_1_2' title="bbox 252 1291 1034 1381">
     <span class='ocr_line' id='line_1_2' title="bbox 252 1291 1034 1381; baseline -0.004 -15"><span class='ocrx_word' id='word_1_3' title='bbox 252 1291 254 1296; x_wconf 37' lang='lat'>⁵</span> <span class='ocrx_word' id='word_1_4' title='bbox 355 1314 371 1366; x_wconf 84' lang='lat' dir='ltr'>l</span> <span class='ocrx_word' id='word_1_5' title='bbox 386 1312 500 1367; x_wconf 83' lang='lat' dir='ltr'>totnnoto</span> <span class='ocrx_word' id='word_1_6' title='bbox 511 1313 603 1368; x_wconf 68' lang='lat' dir='ltr'>titinio</span> <span class='ocrx_word' id='word_1_7' title='bbox 617 1327 695 1381; x_wconf 76' lang='lat' dir='ltr'>nsque</span> <span class='ocrx_word' id='word_1_8' title='bbox 709 1313 740 1367; x_wconf 85' lang='lat' dir='ltr'>ad</span> <span class='ocrx_word' id='word_1_9' title='bbox 753 1312 908 1368; x_wconf 67' lang='lat' dir='ltr'>consuntini</span> <span class='ocrx_word' id='word_1_10' title='bbox 920 1313 1034 1365; x_wconf 80' lang='lat' dir='ltr'>norton.</span> 
     </span>
    </p>
   </div>
   <div class='ocr_carea' id='block_1_3' title="bbox 610 1525 763 1594">
    <p class='ocr_par' dir='ltr' id='par_1_3' title="bbox 610 1525 763 1594">
     <span class='ocr_line' id='line_1_3' title="bbox 610 1525 763 1594; baseline -0.013 -14"><span class='ocrx_word' id='word_1_11' title='bbox 610 1525 763 1594; x_wconf 78' lang='lat' dir='ltr'>(sar-su.)</span> 
     </span>
    </p>
   </div>
   <div class='ocr_carea' id='block_1_4' title="bbox 618 1786 759 1808">
    <p class='ocr_par' dir='ltr' id='par_1_4' title="bbox 618 1786 759 1808">
     <span class='ocr_line' id='line_1_4' title="bbox 618 1786 759 1808; baseline -0.014 0"><span class='ocrx_word' id='word_1_12' title='bbox 618 1786 759 1808; x_wconf 55' lang='grc' dir='ltr'><strong>«ωοο-</strong></span> 
     </span>
    </p>
   </div>
   <div class='ocr_carea' id='block_1_5' title="bbox 176 2016 1207 2209">
    <p class='ocr_par' dir='ltr' id='par_1_5' title="bbox 176 2016 1207 2209">
     <span class='ocr_line' id='line_1_5' title="bbox 214 2016 1207 2112; baseline 0 -18"><span class='ocrx_word' id='word_1_13' title='bbox 214 2033 282 2094; x_wconf 93' lang='lat' dir='ltr'>Non</span> <span class='ocrx_word' id='word_1_14' title='bbox 295 2032 360 2093; x_wconf 90' lang='lat' dir='ltr'>nihi</span> <span class='ocrx_word' id='word_1_15' title='bbox 376 2049 464 2092; x_wconf 90' lang='lat' dir='ltr'>mens</span> <span class='ocrx_word' id='word_1_16' title='bbox 478 2037 523 2091; x_wconf 87' lang='lat' dir='ltr'>est</span> <span class='ocrx_word' id='word_1_17' title='bbox 540 2032 577 2093; x_wconf 91' lang='lat' dir='ltr'>de</span> <span class='ocrx_word' id='word_1_18' title='bbox 591 2031 702 2092; x_wconf 87' lang='lat' dir='ltr'>Ariana</span> <span class='ocrx_word' id='word_1_19' title='bbox 713 2029 822 2092; x_wconf 87' lang='lat' dir='ltr'>haeresi</span> <span class='ocrx_word' id='word_1_20' title='bbox 840 2016 999 2108; x_wconf 80' lang='lat' dir='ltr'>disserere,</span> <span class='ocrx_word' id='word_1_21' title='bbox 1014 2050 1070 2092; x_wconf 87' lang='lat' dir='ltr'>nec</span> <span class='ocrx_word' id='word_1_22' title='bbox 1088 2031 1207 2112; x_wconf 87' lang='lat' dir='ltr'>singula</span> 
     </span>
     <span class='ocr_line' id='line_1_6' title="bbox 176 2129 1203 2209; baseline 0.001 -19"><span class='ocrx_word' id='word_1_23' title='bbox 176 2131 270 2209; x_wconf 87' lang='lat' dir='ltr'>longae</span> <span class='ocrx_word' id='word_1_24' title='bbox 282 2135 312 2191; x_wconf 91' lang='lat' dir='ltr'>et</span> <span class='ocrx_word' id='word_1_25' title='bbox 324 2129 507 2191; x_wconf 84' lang='lat' dir='ltr'>turbulentae</span> <span class='ocrx_word' id='word_1_26' title='bbox 521 2129 728 2191; x_wconf 84' lang='lat' dir='ltr'>controversiae</span> <span class='ocrx_word' id='word_1_27' title='bbox 741 2135 893 2190; x_wconf 85' lang='lat' dir='ltr'>momenta</span> <span class='ocrx_word' id='word_1_28' title='bbox 906 2130 1058 2208; x_wconf 85' lang='lat' dir='ltr'>persequi,</span> <span class='ocrx_word' id='word_1_29' title='bbox 1073 2150 1129 2191; x_wconf 87' lang='lat' dir='ltr'>neo</span> <span class='ocrx_word' id='word_1_30' title='bbox 1152 2150 1203 2191; x_wconf 87' lang='lat' dir='ltr'>re-</span> 
     </span>
    </p>
   </div>
   <div class='ocr_carea' id='block_1_6' title="bbox 176 2235 1203 2320">
    <p class='ocr_par' dir='ltr' id='par_1_6' title="bbox 176 2235 1203 2320">
     <span class='ocr_line' id='line_1_7' title="bbox 176 2235 1203 2320; baseline 0.004 -26"><span class='ocrx_word' id='word_1_31' title='bbox 176 2237 254 2297; x_wconf 87' lang='lat' dir='ltr'>ferre</span> <span class='ocrx_word' id='word_1_32' title='bbox 270 2236 381 2316; x_wconf 88' lang='lat' dir='ltr'>quibus</span> <span class='ocrx_word' id='word_1_33' title='bbox 396 2237 494 2320; x_wconf 84' lang='lat' dir='ltr'>causis</span> <span class='ocrx_word' id='word_1_34' title='bbox 506 2236 563 2298; x_wconf 89' lang='lat' dir='ltr'>ista</span> <span class='ocrx_word' id='word_1_35' title='bbox 580 2235 727 2297; x_wconf 87' lang='lat' dir='ltr'>eontentio</span> <span class='ocrx_word' id='word_1_36' title='bbox 747 2236 884 2315; x_wconf 85' lang='lat' dir='ltr'>ereverit,</span> <span class='ocrx_word' id='word_1_37' title='bbox 910 2255 985 2316; x_wconf 89' lang='lat' dir='ltr'>quas</span> <span class='ocrx_word' id='word_1_38' title='bbox 999 2237 1078 2297; x_wconf 88' lang='lat' dir='ltr'>vices</span> <span class='ocrx_word' id='word_1_39' title='bbox 1097 2238 1203 2318; x_wconf 82' lang='lat' dir='ltr'>exple·</span> 
     </span>
    </p>
   </div>
   <div class='ocr_carea' id='block_1_7' title="bbox 59 2332 1202 2424">
    <p class='ocr_par' dir='ltr' id='par_1_7' title="bbox 59 2332 1202 2424">
     <span class='ocr_line' id='line_1_8' title="bbox 59 2332 1202 2424; baseline 0.003 -32"><span class='ocrx_word' id='word_1_40' title='bbox 59 2409 66 2424; x_wconf 26' lang='grc' dir='ltr'>ν</span> <span class='ocrx_word' id='word_1_41' title='bbox 175 2333 260 2411; x_wconf 83' lang='lat' dir='ltr'>verit,</span> <span class='ocrx_word' id='word_1_42' title='bbox 286 2334 437 2412; x_wconf 90' lang='lat' dir='ltr'>quomodo</span> <span class='ocrx_word' id='word_1_43' title='bbox 463 2333 495 2393; x_wconf 90' lang='lat' dir='ltr'>in</span> <span class='ocrx_word' id='word_1_44' title='bbox 519 2332 674 2394; x_wconf 81' lang='lat' dir='ltr'>Orientem</span> <span class='ocrx_word' id='word_1_45' title='bbox 695 2334 758 2392; x_wconf 86' lang='lat' dir='ltr'>fere</span> <span class='ocrx_word' id='word_1_46' title='bbox 776 2337 873 2394; x_wconf 90' lang='lat' dir='ltr'>totum</span> <span class='ocrx_word' id='word_1_47' title='bbox 897 2353 963 2395; x_wconf 89' lang='lat' dir='ltr'>sese</span> <span class='ocrx_word' id='word_1_48' title='bbox 985 2335 1202 2415; x_wconf 80' lang='lat' dir='ltr'>propagaverit.</span> 
     </span>
    </p>
   </div>
   <div class='ocr_carea' id='block_1_8' title="bbox 176 2429 1207 3290">
    <p class='ocr_par' dir='ltr' id='par_1_8' title="bbox 176 2429 1207 2880">
     <span class='ocr_line' id='line_1_9' title="bbox 176 2429 1202 2511; baseline 0.003 -21"><span class='ocrx_word' id='word_1_49' title='bbox 176 2429 243 2508; x_wconf 86' lang='lat' dir='ltr'>Hie,</span> <span class='ocrx_word' id='word_1_50' title='bbox 255 2430 368 2498; x_wconf 91' lang='lat' dir='ltr'>iterum</span> <span class='ocrx_word' id='word_1_51' title='bbox 378 2431 488 2508; x_wconf 84' lang='lat' dir='ltr'>dicam,</span> <span class='ocrx_word' id='word_1_52' title='bbox 504 2450 565 2491; x_wconf 91' lang='lat' dir='ltr'>non</span> <span class='ocrx_word' id='word_1_53' title='bbox 575 2430 746 2510; x_wconf 79' lang='lat' dir='ltr'>questiones</span> <span class='ocrx_word' id='word_1_54' title='bbox 756 2431 847 2510; x_wconf 90' lang='lat' dir='ltr'>ipsas,</span> <span class='ocrx_word' id='word_1_55' title='bbox 863 2451 939 2511; x_wconf 91' lang='lat' dir='ltr'>quas</span> <span class='ocrx_word' id='word_1_56' title='bbox 958 2432 1051 2492; x_wconf 85' lang='lat' dir='ltr'>Arius</span> <span class='ocrx_word' id='word_1_57' title='bbox 1064 2438 1094 2492; x_wconf 88' lang='lat' dir='ltr'>et</span> <span class='ocrx_word' id='word_1_58' title='bbox 1107 2432 1202 2493; x_wconf 87' lang='lat' dir='ltr'>Atha-</span> 
     </span>
     <span class='ocr_line' id='line_1_10' title="bbox 176 2527 1206 2606; baseline 0.001 -18"><span class='ocrx_word' id='word_1_59' title='bbox 176 2527 279 2588; x_wconf 85' lang='lat' dir='ltr'>nasius</span> <span class='ocrx_word' id='word_1_60' title='bbox 304 2527 463 2587; x_wconf 89' lang='lat' dir='ltr'>movehant</span> <span class='ocrx_word' id='word_1_61' title='bbox 485 2531 611 2588; x_wconf 90' lang='lat' dir='ltr'>tractare</span> <span class='ocrx_word' id='word_1_62' title='bbox 638 2545 794 2604; x_wconf 84' lang='lat' dir='ltr'>conamur,</span> <span class='ocrx_word' id='word_1_63' title='bbox 824 2533 932 2588; x_wconf 79' lang='lat' dir='ltr'>tenues</span> <span class='ocrx_word' id='word_1_64' title='bbox 961 2529 1124 2606; x_wconf 55' lang='lat' dir='ltr'>grandim</span> <span class='ocrx_word' id='word_1_65' title='bbox 1152 2529 1206 2589; x_wconf 91' lang='lat' dir='ltr'>sed</span> 
     </span>
     <span class='ocr_line' id='line_1_11' title="bbox 176 2623 1207 2705; baseline 0.003 -22"><span class='ocrx_word' id='word_1_66' title='bbox 176 2623 287 2684; x_wconf 92' lang='lat' dir='ltr'>intueri</span> <span class='ocrx_word' id='word_1_67' title='bbox 297 2625 407 2701; x_wconf 88' lang='lat' dir='ltr'>solum,</span> <span class='ocrx_word' id='word_1_68' title='bbox 417 2629 457 2702; x_wconf 91' lang='lat' dir='ltr'>et,</span> <span class='ocrx_word' id='word_1_69' title='bbox 469 2630 616 2704; x_wconf 91' lang='lat' dir='ltr'>quantum</span> <span class='ocrx_word' id='word_1_70' title='bbox 626 2624 802 2705; x_wconf 68' lang='lat' dir='ltr'>poterimus</span> <span class='ocrx_word' id='word_1_71' title='bbox 814 2624 985 2704; x_wconf 84' lang='lat' dir='ltr'>explanare,</span> <span class='ocrx_word' id='word_1_72' title='bbox 993 2645 1086 2705; x_wconf 91' lang='lat' dir='ltr'>quem</span> <span class='ocrx_word' id='word_1_73' title='bbox 1096 2626 1133 2685; x_wconf 90' lang='lat' dir='ltr'>ad</span> <span class='ocrx_word' id='word_1_74' title='bbox 1144 2645 1207 2686; x_wconf 92' lang='lat' dir='ltr'>mo-</span> 
     </span>
     <span class='ocr_line' id='line_1_12' title="bbox 177 2721 1206 2804; baseline 0.002 -23"><span class='ocrx_word' id='word_1_75' title='bbox 177 2721 250 2781; x_wconf 94' lang='lat' dir='ltr'>dum</span> <span class='ocrx_word' id='word_1_76' title='bbox 266 2727 296 2782; x_wconf 91' lang='lat' dir='ltr'>et</span> <span class='ocrx_word' id='word_1_77' title='bbox 309 2741 369 2800; x_wconf 90' lang='lat' dir='ltr'>qua</span> <span class='ocrx_word' id='word_1_78' title='bbox 382 2727 482 2783; x_wconf 88' lang='lat' dir='ltr'>mente</span> <span class='ocrx_word' id='word_1_79' title='bbox 504 2722 716 2789; x_wconf 80' lang='lat' dir='ltr'>Constantinus</span> <span class='ocrx_word' id='word_1_80' title='bbox 729 2722 891 2800; x_wconf 87' lang='lat' dir='ltr'>imperator</span> <span class='ocrx_word' id='word_1_81' title='bbox 911 2721 958 2782; x_wconf 90' lang='lat' dir='ltr'>his</span> <span class='ocrx_word' id='word_1_82' title='bbox 976 2723 1067 2794; x_wconf 87' lang='lat' dir='ltr'>rebus</span> <span class='ocrx_word' id='word_1_83' title='bbox 1087 2723 1206 2804; x_wconf 89' lang='lat' dir='ltr'>penitus</span> 
     </span>
     <span class='ocr_line' id='line_1_13' title="bbox 176 2819 686 2880; baseline -0.002 -1"><span class='ocrx_word' id='word_1_84' title='bbox 176 2819 385 2880; x_wconf 81' lang='lat' dir='ltr'>ecclesiasticis</span> <span class='ocrx_word' id='word_1_85' title='bbox 398 2838 464 2880; x_wconf 89' lang='lat' dir='ltr'>sese</span> <span class='ocrx_word' id='word_1_86' title='bbox 477 2819 686 2880; x_wconf 84' lang='lat' dir='ltr'>immiscuerit.</span> 
     </span>
    </p>

    <p class='ocr_par' dir='ltr' id='par_1_9' title="bbox 176 2917 1205 3193">
     <span class='ocr_line' id='line_1_14' title="bbox 215 2917 1205 2998; baseline 0.003 -22"><span class='ocrx_word' id='word_1_87' title='bbox 215 2917 401 2978; x_wconf 86' lang='lat' dir='ltr'>Paucissima</span> <span class='ocrx_word' id='word_1_88' title='bbox 417 2936 486 2996; x_wconf 88' lang='lat' dir='ltr'>quae</span> <span class='ocrx_word' id='word_1_89' title='bbox 507 2918 545 2978; x_wconf 89' lang='lat' dir='ltr'>de</span> <span class='ocrx_word' id='word_1_90' title='bbox 561 2917 725 2981; x_wconf 75' lang='lat' dir='ltr'>Ariamsmi</span> <span class='ocrx_word' id='word_1_91' title='bbox 743 2917 835 2978; x_wconf 90' lang='lat' dir='ltr'>initiis</span> <span class='ocrx_word' id='word_1_92' title='bbox 857 2917 1042 2979; x_wconf 85' lang='lat' dir='ltr'>Moshemius</span> <span class='ocrx_word' id='word_1_93' title='bbox 1058 2918 1090 2980; x_wconf 93' lang='lat' dir='ltr'>in</span> <span class='ocrx_word' id='word_1_94' title='bbox 1108 2919 1205 2998; x_wconf 91' lang='lat' dir='ltr'>primo</span> 
     </span>
     <span class='ocr_line' id='line_1_15' title="bbox 176 3009 1204 3094; baseline 0.005 -21"><span class='ocrx_word' id='word_1_95' title='bbox 176 3014 398 3075; x_wconf 87' lang='lat' dir='ltr'>inst&#39;tutionum</span> <span class='ocrx_word' id='word_1_96' title='bbox 413 3015 552 3075; x_wconf 88' lang='lat' dir='ltr'>Historiae</span> <span class='ocrx_word' id='word_1_97' title='bbox 567 3015 783 3076; x_wconf 80' lang='lat' dir='ltr'>Ecclesiasticus</span> <span class='ocrx_word' id='word_1_98' title='bbox 796 3015 873 3076; x_wconf 92' lang='lat' dir='ltr'>libro</span> <span class='ocrx_word' id='word_1_99' title='bbox 888 3009 1062 3094; x_wconf 76' lang='lat' dir='ltr'>delineavit,¹</span> <span class='ocrx_word' id='word_1_100' title='bbox 1072 3016 1121 3077; x_wconf 89' lang='lat' dir='ltr'>hio</span> <span class='ocrx_word' id='word_1_101' title='bbox 1134 3017 1204 3078; x_wconf 89' lang='lat' dir='ltr'>des·</span> 
     </span>
     <span class='ocr_line' id='line_1_16' title="bbox 177 3112 1036 3193; baseline -0.001 -20"><span class='ocrx_word' id='word_1_102' title='bbox 177 3113 293 3173; x_wconf 86' lang='lat' dir='ltr'>oribere</span> <span class='ocrx_word' id='word_1_103' title='bbox 309 3112 439 3172; x_wconf 87' lang='lat' dir='ltr'>sufficiet</span> <span class='ocrx_word' id='word_1_104' title='bbox 452 3118 615 3191; x_wconf 88' lang='lat' dir='ltr'>antequam</span> <span class='ocrx_word' id='word_1_105' title='bbox 622 3131 693 3186; x_wconf 59' lang='lat' dir='ltr'>‚rem</span> <span class='ocrx_word' id='word_1_106' title='bbox 705 3113 802 3193; x_wconf 89' lang='lat' dir='ltr'>ipsam</span> <span class='ocrx_word' id='word_1_107' title='bbox 816 3113 1036 3192; x_wconf 76' lang='lat' dir='ltr'>aggrediamur.</span> 
     </span>
    </p>

    <p class='ocr_par' dir='ltr' id='par_1_10' title="bbox 218 3209 1205 3290">
     <span class='ocr_line' id='line_1_17' title="bbox 218 3209 1205 3290; baseline 0.002 -20"><span class='ocrx_word' id='word_1_108' title='bbox 218 3231 234 3270; x_wconf 76' lang='lat' dir='ltr'>s</span> <span class='ocrx_word' id='word_1_109' title='bbox 257 3209 429 3271; x_wconf 80' lang='lat' dir='ltr'>Alexander</span> <span class='ocrx_word' id='word_1_110' title='bbox 448 3209 607 3289; x_wconf 89' lang='lat' dir='ltr'>episcopus</span> <span class='ocrx_word' id='word_1_111' title='bbox 619 3209 853 3287; x_wconf 84' lang='lat' dir='ltr'>Alexandrinus,</span> <span class='ocrx_word' id='word_1_112' title='bbox 874 3211 1023 3271; x_wconf 85' lang='lat' dir='ltr'>incertum</span> <span class='ocrx_word' id='word_1_113' title='bbox 1042 3229 1103 3290; x_wconf 89' lang='lat' dir='ltr'>qua</span> <span class='ocrx_word' id='word_1_114' title='bbox 1118 3229 1205 3272; x_wconf 83' lang='lat' dir='ltr'>ocea-</span> 
     </span>
    </p>
   </div>
   <div class='ocr_carea' id='block_1_9' title="bbox 177 3311 1212 4369">
    <p class='ocr_par' dir='ltr' id='par_1_11' title="bbox 177 3311 1212 4369">
     <span class='ocr_line' id='line_1_18' title="bbox 178 3311 1209 3395; baseline 0.001 -22"><span class='ocrx_word' id='word_1_115' title='bbox 178 3313 271 3390; x_wconf 90' lang='lat' dir='ltr'>sione,</span> <span class='ocrx_word' id='word_1_116' title='bbox 288 3312 325 3373; x_wconf 90' lang='lat' dir='ltr'>de</span> <span class='ocrx_word' id='word_1_117' title='bbox 339 3314 397 3374; x_wconf 89' lang='lat' dir='ltr'>hoe</span> <span class='ocrx_word' id='word_1_118' title='bbox 411 3313 548 3391; x_wconf 82' lang='lat' dir='ltr'>dogmate</span> <span class='ocrx_word' id='word_1_119' title='bbox 559 3313 609 3395; x_wconf 91' lang='lat' dir='ltr'>(de</span> <span class='ocrx_word' id='word_1_120' title='bbox 622 3313 720 3374; x_wconf 87' lang='lat' dir='ltr'>tribus</span> <span class='ocrx_word' id='word_1_121' title='bbox 734 3313 767 3375; x_wconf 93' lang='lat' dir='ltr'>in</span> <span class='ocrx_word' id='word_1_122' title='bbox 781 3332 841 3374; x_wconf 93' lang='lat' dir='ltr'>uno</span> <span class='ocrx_word' id='word_1_123' title='bbox 856 3313 918 3373; x_wconf 90' lang='lat' dir='ltr'>Deo</span> <span class='ocrx_word' id='word_1_124' title='bbox 931 3311 1079 3394; x_wconf 88' lang='lat' dir='ltr'>personis)</span> <span class='ocrx_word' id='word_1_125' title='bbox 1092 3313 1125 3374; x_wconf 94' lang='lat' dir='ltr'>in</span> <span class='ocrx_word' id='word_1_126' title='bbox 1139 3333 1209 3374; x_wconf 87' lang='lat' dir='ltr'>oon·</span> 
     </span>
     <span class='ocr_line' id='line_1_19' title="bbox 177 3409 1208 3489; baseline 0.002 -21"><span class='ocrx_word' id='word_1_127' title='bbox 177 3427 265 3470; x_wconf 88' lang='lat' dir='ltr'>oessu</span> <span class='ocrx_word' id='word_1_128' title='bbox 298 3409 543 3488; x_wconf 77' lang='lat' dir='ltr'>presbyterorum</span> <span class='ocrx_word' id='word_1_129' title='bbox 573 3409 698 3470; x_wconf 89' lang='lat' dir='ltr'>liberius</span> <span class='ocrx_word' id='word_1_130' title='bbox 731 3410 906 3486; x_wconf 84' lang='lat' dir='ltr'>disserebat,</span> <span class='ocrx_word' id='word_1_131' title='bbox 939 3415 1028 3489; x_wconf 90' lang='lat' dir='ltr'>atque</span> <span class='ocrx_word' id='word_1_132' title='bbox 1051 3410 1130 3470; x_wconf 90' lang='lat' dir='ltr'>inter</span> <span class='ocrx_word' id='word_1_133' title='bbox 1150 3411 1208 3470; x_wconf 87' lang='lat' dir='ltr'>alia</span> 
     </span>
     <span class='ocr_line' id='line_1_20' title="bbox 179 3506 1207 3588; baseline 0.002 -24"><span class='ocrx_word' id='word_1_134' title='bbox 179 3506 277 3567; x_wconf 88' lang='lat' dir='ltr'>tilium</span> <span class='ocrx_word' id='word_1_135' title='bbox 291 3508 430 3568; x_wconf 88' lang='lat' dir='ltr'>eamdem</span> <span class='ocrx_word' id='word_1_136' title='bbox 448 3527 541 3586; x_wconf 89' lang='lat' dir='ltr'>quam</span> <span class='ocrx_word' id='word_1_137' title='bbox 562 3511 657 3588; x_wconf 89' lang='lat' dir='ltr'>pater,</span> <span class='ocrx_word' id='word_1_138' title='bbox 679 3527 739 3568; x_wconf 91' lang='lat' dir='ltr'>non</span> <span class='ocrx_word' id='word_1_139' title='bbox 759 3507 932 3586; x_wconf 84' lang='lat' dir='ltr'>dignitatem</span> <span class='ocrx_word' id='word_1_140' title='bbox 948 3511 1077 3584; x_wconf 90' lang='lat' dir='ltr'>tantum,</span> <span class='ocrx_word' id='word_1_141' title='bbox 1100 3526 1207 3568; x_wconf 88' lang='lat' dir='ltr'>verum</span> 
     </span>
     <span class='ocr_line' id='line_1_21' title="bbox 178 3604 1209 3684; baseline 0 -19"><span class='ocrx_word' id='word_1_142' title='bbox 178 3604 268 3665; x_wconf 92' lang='lat' dir='ltr'>etiam</span> <span class='ocrx_word' id='word_1_143' title='bbox 292 3607 463 3666; x_wconf 77' lang='lat' dir='ltr'>essentiam</span> <span class='ocrx_word' id='word_1_144' title='bbox 485 3606 597 3668; x_wconf 87' lang='lat' dir='ltr'>habere</span> <span class='ocrx_word' id='word_1_145' title='bbox 611 3606 756 3666; x_wconf 89' lang='lat' dir='ltr'>tradebat.</span> <span class='ocrx_word' id='word_1_146' title='bbox 771 3604 1019 3684; x_wconf 75' lang='lat' dir='ltr'>Presbyterorum</span> <span class='ocrx_word' id='word_1_147' title='bbox 1037 3624 1108 3666; x_wconf 90' lang='lat' dir='ltr'>vero</span> <span class='ocrx_word' id='word_1_148' title='bbox 1128 3624 1209 3665; x_wconf 89' lang='lat' dir='ltr'>unus</span> 
     </span>
     <span class='ocr_line' id='line_1_22' title="bbox 179 3703 1206 3784; baseline -0.001 -20"><span class='ocrx_word' id='word_1_149' title='bbox 179 3703 282 3781; x_wconf 68' lang='lat' dir='ltr'>Arius</span> <span class='ocrx_word' id='word_1_150' title='bbox 299 3704 344 3764; x_wconf 93' lang='lat' dir='ltr'>vir</span> <span class='ocrx_word' id='word_1_151' title='bbox 362 3703 481 3763; x_wconf 90' lang='lat' dir='ltr'>subtilis</span> <span class='ocrx_word' id='word_1_152' title='bbox 494 3704 606 3784; x_wconf 92' lang='lat' dir='ltr'>ingenii</span> <span class='ocrx_word' id='word_1_153' title='bbox 625 3710 655 3764; x_wconf 92' lang='lat' dir='ltr'>et</span> <span class='ocrx_word' id='word_1_154' title='bbox 676 3704 835 3780; x_wconf 69' lang='lat' dir='ltr'>facundus</span> <span class='ocrx_word' id='word_1_155' title='bbox 854 3703 929 3763; x_wconf 84' lang='lat' dir='ltr'>sorte</span> <span class='ocrx_word' id='word_1_156' title='bbox 951 3703 1018 3764; x_wconf 92' lang='lat' dir='ltr'>odio</span> <span class='ocrx_word' id='word_1_157' title='bbox 1036 3703 1068 3763; x_wconf 90' lang='lat' dir='ltr'>in</span> <span class='ocrx_word' id='word_1_158' title='bbox 1089 3704 1206 3782; x_wconf 86' lang='lat' dir='ltr'>episco-</span> 
     </span>
     <span class='ocr_line' id='line_1_23' title="bbox 180 3800 1209 3887; baseline -0.001 -24"><span class='ocrx_word' id='word_1_159' title='bbox 180 3821 254 3882; x_wconf 92' lang='lat' dir='ltr'>pum</span> <span class='ocrx_word' id='word_1_160' title='bbox 279 3820 369 3871; x_wconf 87' lang='lat' dir='ltr'>suum</span> <span class='ocrx_word' id='word_1_161' title='bbox 392 3802 526 3880; x_wconf 89' lang='lat' dir='ltr'>inflatus,</span> <span class='ocrx_word' id='word_1_162' title='bbox 550 3802 685 3883; x_wconf 92' lang='lat' dir='ltr'>primum</span> <span class='ocrx_word' id='word_1_163' title='bbox 708 3820 778 3862; x_wconf 86' lang='lat' dir='ltr'>vera</span> <span class='ocrx_word' id='word_1_164' title='bbox 799 3820 866 3861; x_wconf 90' lang='lat' dir='ltr'>esse</span> <span class='ocrx_word' id='word_1_165' title='bbox 890 3800 1028 3879; x_wconf 90' lang='lat' dir='ltr'>negabat,</span> <span class='ocrx_word' id='word_1_166' title='bbox 1052 3821 1121 3881; x_wconf 88' lang='lat' dir='ltr'>quae</span> <span class='ocrx_word' id='word_1_167' title='bbox 1141 3803 1209 3887; x_wconf 51' lang='lat' dir='ltr'>³ipse</span> 
     </span>
     <span class='ocr_line' id='line_1_24' title="bbox 180 3897 1207 3979; baseline -0.001 -20"><span class='ocrx_word' id='word_1_168' title='bbox 180 3899 394 3979; x_wconf 84' lang='lat' dir='ltr'>proposuisset,</span> <span class='ocrx_word' id='word_1_169' title='bbox 410 3918 445 3960; x_wconf 87' lang='lat' dir='ltr'>eo</span> <span class='ocrx_word' id='word_1_170' title='bbox 460 3900 541 3978; x_wconf 92' lang='lat' dir='ltr'>quod</span> <span class='ocrx_word' id='word_1_171' title='bbox 555 3899 732 3961; x_wconf 87' lang='lat' dir='ltr'>Sabellianis</span> <span class='ocrx_word' id='word_1_172' title='bbox 746 3898 900 3960; x_wconf 90' lang='lat' dir='ltr'>erroribus</span> <span class='ocrx_word' id='word_1_173' title='bbox 914 3898 951 3959; x_wconf 87' lang='lat' dir='ltr'>ab</span> <span class='ocrx_word' id='word_1_174' title='bbox 966 3897 1100 3960; x_wconf 84' lang='lat' dir='ltr'>Ecclesia</span> <span class='ocrx_word' id='word_1_175' title='bbox 1120 3900 1207 3959; x_wconf 88' lang='lat' dir='ltr'>dam-</span> 
     </span>
     <span class='ocr_line' id='line_1_25' title="bbox 180 3995 1210 4076; baseline 0.001 -21"><span class='ocrx_word' id='word_1_176' title='bbox 180 3996 257 4056; x_wconf 90' lang='lat' dir='ltr'>natis</span> <span class='ocrx_word' id='word_1_177' title='bbox 271 4001 394 4076; x_wconf 85' lang='lat' dir='ltr'>cognata</span> <span class='ocrx_word' id='word_1_178' title='bbox 404 4000 522 4058; x_wconf 90' lang='lat' dir='ltr'>essent:</span> <span class='ocrx_word' id='word_1_179' title='bbox 539 3997 646 4058; x_wconf 91' lang='lat' dir='ltr'>deinde</span> <span class='ocrx_word' id='word_1_180' title='bbox 656 3997 693 4056; x_wconf 93' lang='lat' dir='ltr'>ad</span> <span class='ocrx_word' id='word_1_181' title='bbox 702 3996 827 4058; x_wconf 90' lang='lat' dir='ltr'>alteram</span> <span class='ocrx_word' id='word_1_182' title='bbox 841 3995 1060 4057; x_wconf 81' lang='lat' dir='ltr'>extremitatem</span> <span class='ocrx_word' id='word_1_183' title='bbox 1070 3997 1210 4075; x_wconf 90' lang='lat' dir='ltr'>delapsus</span> 
     </span>
     <span class='ocr_line' id='line_1_26' title="bbox 182 4092 1209 4172; baseline -0.001 -21"><span class='ocrx_word' id='word_1_184' title='bbox 182 4092 282 4153; x_wconf 87' lang='lat' dir='ltr'>filium</span> <span class='ocrx_word' id='word_1_185' title='bbox 291 4099 351 4154; x_wconf 87' lang='lat' dir='ltr'>toto</span> <span class='ocrx_word' id='word_1_186' title='bbox 361 4113 471 4172; x_wconf 88' lang='lat' dir='ltr'>genere</span> <span class='ocrx_word' id='word_1_187' title='bbox 480 4113 534 4156; x_wconf 89' lang='lat' dir='ltr'>seu</span> <span class='ocrx_word' id='word_1_188' title='bbox 548 4093 613 4172; x_wconf 88' lang='lat' dir='ltr'>ipsa</span> <span class='ocrx_word' id='word_1_189' title='bbox 626 4093 755 4154; x_wconf 85' lang='lat' dir='ltr'>essentia</span> <span class='ocrx_word' id='word_1_190' title='bbox 765 4093 986 4171; x_wconf 85' lang='lat' dir='ltr'>differeapatre</span> <span class='ocrx_word' id='word_1_191' title='bbox 994 4093 1209 4153; x_wconf 82' lang='lat' dir='ltr'>contendebat:-</span> 
     </span>
     <span class='ocr_line' id='line_1_27' title="bbox 182 4188 1212 4272; baseline -0.002 -22"><span class='ocrx_word' id='word_1_192' title='bbox 182 4207 247 4250; x_wconf 88' lang='lat' dir='ltr'>esse</span> <span class='ocrx_word' id='word_1_193' title='bbox 270 4190 416 4250; x_wconf 91' lang='lat' dir='ltr'>nimirum</span> <span class='ocrx_word' id='word_1_194' title='bbox 436 4190 603 4272; x_wconf 88' lang='lat' dir='ltr'>prinoipem</span> <span class='ocrx_word' id='word_1_195' title='bbox 622 4195 652 4251; x_wconf 89' lang='lat' dir='ltr'>et</span> <span class='ocrx_word' id='word_1_196' title='bbox 667 4188 885 4251; x_wconf 87' lang='lat' dir='ltr'>nobilissimam</span> <span class='ocrx_word' id='word_1_197' title='bbox 896 4192 1013 4249; x_wconf 88' lang='lat' dir='ltr'>tantum</span> <span class='ocrx_word' id='word_1_198' title='bbox 1032 4195 1212 4250; x_wconf 89' lang='lat' dir='ltr'>naturarum</span> 
     </span>
     <span class='ocr_line' id='line_1_28' title="bbox 184 4286 1211 4369; baseline 0 -22"><span class='ocrx_word' id='word_1_199' title='bbox 184 4306 202 4347; x_wconf 86' lang='lat' dir='ltr'>a</span> <span class='ocrx_word' id='word_1_200' title='bbox 216 4287 279 4349; x_wconf 90' lang='lat' dir='ltr'>Deo</span> <span class='ocrx_word' id='word_1_201' title='bbox 292 4293 376 4369; x_wconf 86' lang='lat' dir='ltr'>patre</span> <span class='ocrx_word' id='word_1_202' title='bbox 386 4307 423 4349; x_wconf 80' lang='lat' dir='ltr'>ex</span> <span class='ocrx_word' id='word_1_203' title='bbox 437 4287 529 4349; x_wconf 91' lang='lat' dir='ltr'>nihilo</span> <span class='ocrx_word' id='word_1_204' title='bbox 543 4286 743 4364; x_wconf 81' lang='lat' dir='ltr'>conditarum,</span> <span class='ocrx_word' id='word_1_205' title='bbox 758 4286 994 4350; x_wconf 86' lang='lat' dir='ltr'>instrumentum</span> <span class='ocrx_word' id='word_1_206' title='bbox 1008 4305 1068 4368; x_wconf 91' lang='lat' dir='ltr'>quo</span> <span class='ocrx_word' id='word_1_207' title='bbox 1082 4289 1166 4369; x_wconf 87' lang='lat' dir='ltr'>pater</span> <span class='ocrx_word' id='word_1_208' title='bbox 1179 4287 1211 4350; x_wconf 90' lang='lat' dir='ltr'>in</span> 
     </span>
    </p>
   </div>
   <div class='ocr_carea' id='block_1_10' title="bbox 0 0 1547 5046">
    <p class='ocr_par' dir='ltr' id='par_1_12' title="bbox 0 0 1547 5046">
     <span class='ocr_line' id='line_1_29' title="bbox 0 0 1547 5046; baseline 0 0"><span class='ocrx_word' id='word_1_209' title='bbox 0 0 1547 5046; x_wconf 95' lang='lat' dir='ltr'> </span> 
     </span>
    </p>
   </div>
  </div>
 </body>
</html>
