3054 5046
592 581 758 644 ,39-

152 715 333 793 titumquea
346 713 542 776 Constantino
552 713 679 796 quodvis
692 714 779 776 idolis
790 714 977 778 sacrificandi
990 735 1089 796 genus
1101 717 1192 797 paulo

152 819 223 873 ante
231 819 459 874 commemorat.
468 813 583 874 Parum
596 815 674 875 erim
683 815 846 876 verisimile
856 821 902 876 est
910 815 1032 876 eosdem
1041 815 1190 894 homines,

151 909 217 990 qui,
231 917 266 971 ut
280 912 433 972 christiani
446 911 565 989 fierent,
577 931 594 972 a
604 913 724 991 templis
737 917 767 973 et
777 912 931 976 sacrificiis
941 913 1091 974 abstinere
1097 913 1189 993 jube·

150 1008 265 1069 bantur
272 1029 280 1084 ;
292 1010 403 1089 quibus
417 1029 477 1070 arae
487 1029 599 1071 eversae
610 1029 664 1089 per
673 1011 794 1088 milites,
807 1016 836 1070 et
846 1011 974 1090 expilata
984 1011 1110 1072 delubra
1117 1011 1191 1091 quid

150 1107 243 1167 vellet
257 1113 287 1168 11
300 1108 392 1168 nollet
401 1107 566 1188 imperator
576 1109 656 1169 clare
667 1108 896 1184 denuntiabant,
908 1100 1192 1170 christianos'libera

150 1203 236 1282 luce,
250 1205 401 1265 mediisin
414 1206 540 1266 theatris
554 1205 684 1266 ludibrio
698 1205 769 1266 dare
784 1210 813 1266 et
829 1204 967 1266 conviciis
983 1206 1130 1285 impetere
1138 1205 1187 1267 vel

152 1302 290 1379 potuisse
299 1304 346 1363 vcl
356 1303 551 1364 sustinuisse.

191 1399 275 1470 Quid
290 1420 360 1460 vero
376 1400 619 1462 Constantiniana
632 1398 718 1462 docet
730 1406 861 1478 moneta,
878 1401 915 1461 de
928 1401 984 1461 hac
994 1419 1086 1481 quam
1095 1401 1189 1481 agita·

94 1573 96 1580 ,
154 1515 226 1555 mus
246 1498 422 1576 quaestione.

187 1594 278 1656 Sunt
301 1600 382 1656 certe
406 1595 529 1676 plurimi
551 1595 735 1657 Constantini
755 1596 873 1656 nummi
898 1595 953 1676 qui
972 1601 1109 1656 veterum
1129 1615 1189 1658 nu·

148 1693 273 1754 minum
290 1694 448 1773 imagines,
467 1700 497 1754 et
516 1693 637 1775 nomina
655 1693 808 1770 exhibent,
829 1693 882 1753 sed
907 1711 1038 1772 quorum
1055 1698 1188 1772 tempuS,
1282 1687 1285 1693 ’

149 1811 212 1870 quo
239 1793 377 1872 percussi
404 1793 539 1867 fuerunt,
564 1809 689 1870 prorsus
716 1791 901 1870 incognitum
928 1796 982 1850 est.
1013 1789 1188 1870 EckheliuS,

148 1909 249 1968 quum
277 1891 314 1950 de
342 1890 390 1950 his
419 1889 554 1950 nummis
579 1889 649 1968 agit,
681 1908 757 1968 quos
782 1907 871 1967 vagos
892 1888 1021 1968 appellat
1044 1888 1082 1970 (t.
1114 1907 1187 1968 viu,

150 2008 180 2068 p.
198 1986 258 2068 78)
272 1989 329 2048 hoc
349 2007 404 2068 pro
422 1987 577 2048 verisimili
591 1988 681 2047 habet
693 1987 801 2048 veteris
821 1987 922 2047 cultus
941 1987 1111 2048 testimonia
1128 2007 1189 2049 non

149 2091 218 2146 ante
235 2105 273 2145 ex
284 2085 469 2145 Constantini
485 2084 585 2163 magni
600 2084 816 2163 Caesarumque
829 2088 949 2144 moneta
964 2084 1088 2144 exulare
1103 2085 1190 2164 jussa

149 2183 257 2261 fuisse,
273 2202 365 2262 quam
380 2183 455 2242 victo
470 2200 606 2261 caesoque
621 2181 747 2260 Licinio,
762 2200 843 2241 unus
857 2200 962 2242 rerum
976 2182 1087 2261 potitus
1098 2183 1190 2243 luerit

150 2281 376 2341 Constantinus
393 2281 498 2359 Itaque
512 2299 573 2340 non
586 2283 700 2340 temere
715 2278 824 2358 aliquis
839 2297 982 2339 nummos
996 2278 1102 2339 incerti
1111 2285 1188 2340 tem·

150 2380 245 2459 poriS,
258 2379 369 2459 quibus
387 2379 522 2439 Deorum
536 2378 659 2438 nomina
670 2382 699 2438 et
714 2377 831 2456 effigies
843 2377 959 2454 insunt,
969 2395 1068 2457 usquc
1080 2377 1118 2438 ad
1129 2397 1185 2439 an·

151 2495 229 2536 num
244 2475 304 2536 324
313 2493 473 2556 percussos
487 2475 581 2538 tuisse
595 2480 718 2536 asseret.

187 2575 258 2635 Non
279 2580 381 2635 umen
404 2576 469 2634 haec
490 2593 574 2634 mera
595 2578 641 2634 est
659 2577 689 2633 et
703 2572 818 2632 nullius
842 2573 983 2651 ponderis
1003 2573 1183 2652 conjectura.

148 2672 320 2733 Nonnullos
340 2673 422 2733 enim
440 2673 473 2733 in
492 2671 677 2732 Medioharhi
694 2670 834 2748 catalogis
852 2669 1022 2749 reperimus
1040 2689 1184 2732 nummos
1250 2685 1252 2690 '

148 2785 226 2848 quos
244 2769 331 2830 annis
345 2767 423 2846 317,
439 2768 517 2845 313,
541 2767 647 2828 31911
665 2768 725 2828 330
743 2767 870 2846 scriptor
891 2767 1050 2845 adscribit,
1070 2768 1184 2848 quique

148 2868 243 2928 altero
259 2868 351 2928 latere
366 2867 464 2947 Crispi
479 2871 531 2928 aut
540 2866 645 2927 Licinii
649 2865 779 2944 J'unioris
791 2871 843 2926 aut
851 2865 1036 2926 Constantini
1040 2865 1180 2945 junioris,

148 2966 243 3026 altero
261 2983 345 3028 Jovrs
371 2983 477 3027 corrui
497 2982 609 3026 namur
624 2979 776 3040 11111111,
793 2977 1042 3033 conssuvarorus
1063 2981 1180 3026 avors-

148 3083 254 3126 rouvu
267 3066 389 3126 nomina
403 3069 433 3125 11
445 3064 562 3143 effigies
584 3081 646 3142 prae
665 3081 698 3122 se
721 3063 832 3122 lerunt.

189 3164 327 3243 Denique
338 3163 524 3224 Constantini
536 3162 631 3223 nostri
641 3161 759 3221 nummi
769 3165 900 3237 exstant,
910 3159 981 3220 anni
994 3159 1031 3220 V.
1052 3161 1085 3221 C.
1102 3161 1183 3224 1073

148 3261 184 3322 Ρ.
211 3263 266 3322 Ch.
289 3262 350 3322 3⁴20
368 3262 400 3322 in
418 3261 530 3340 quibus
554 3259 749 3321 Pontificatus
771 3257 896 3318 maximi
919 3257 954 3317 tit
976 3257 1099 3319 mentio.
1119 3259 1183 3322 'Hic

150 3359 331 3420 Eclrhelium
346 3363 451 3419 testem
468 3357 612 3418 inducere
627 3355 698 3418 satis
712 3355 769 3416 erit
782 3355 870 3437 (vm,
887 3373 916 3434 p.
934 3353 990 3431 75,
1006 3352 1073 3434 94).

190 3459 285 3537 Leges
301 3457 406 3536 igitur,
419 3461 448 3518 et
458 3456 544 3516 allata
554 3456 639 3535 prius
652 3453 822 3515 testimonia
834 3453 924 3513 etiam
938 3453 1058 3512 nummi
1071 3455 1182 3516 confir·

150 3560 252 3616 mant:
264 3556 365 3633 Nihil,
381 3555 490 3634 reipsa,
507 3573 524 3614 a
539 3552 741 3627 Constantino,
757 3565 855 3629 usque
864 3550 902 3610 ad
910 3551 1086 3610 defunctum
1095 3551 1175 3613 Lici·

151 3653 236 3712 nium
251 3653 288 3713 dc
301 3652 394 3713 veteri
407 3652 490 3712 cultu
508 3650 601 3710 fuisse
615 3648 733 3729 publice
754 3651 915 3707 mutatum.
