3054 5046
740 531 922 592 ..108-

317 665 470 726 nonnullis
487 665 518 724 in
539 665 611 726 locis
632 664 755 740 fiebant,
778 663 950 743 quibusque
964 681 1019 744 per
1041 664 1122 742 leges
1136 651 1253 724 obuiam
1268 663 1343 741 iit‚a

316 762 445 844 puhlicis
458 761 696 824 solemnitatibus
706 781 767 823 non
780 763 850 822 velit
864 780 1032 824 secernere.

357 859 444 933 Quod
458 879 528 921 vero
541 860 579 922 ad
594 860 771 922 christianos
784 866 909 941 spectat,
926 859 1137 921 Pontificatum
1147 859 1313 919 Maximum
1326 881 1344 921 a

317 960 401 1020 nullo
420 958 516 1038 magis
535 958 668 1019 alienum
692 958 786 1018 fuisse
808 957 962 1020 fatendum
983 962 1038 1035 est,
1062 977 1154 1037 quam
1172 957 1209 1018 ab
1230 977 1276 1034 eo,
1292 959 1344 1037 qui

317 1057 471 1118 christiani
497 1056 618 1133 lavacri,
645 1076 706 1116 non
736 1056 805 1134 nisi,
840 1075 937 1137 quum
958 1057 1021 1136 jam
1045 1056 1194 1118 moriendi
1224 1062 1345 1136 tempus

239 1179 242 1184 ·
317 1159 449 1232 urgeret,
474 1153 623 1233 particeps
646 1171 712 1214 esse
729 1154 833 1231 voluit,
857 1159 887 1214 et
909 1153 1008 1214 nescio
1031 1173 1092 1233 qua
1110 1153 1343 1214 christianorum

318 1255 575 1311 sacramentorum
594 1250 710 1311 incuria
729 1256 780 1311 aut
798 1250 989 1329 negligentia,
1012 1249 1159 1329 usquead
1173 1255 1343 1320 extremum

317 1367 410 1427 prope
422 1347 488 1408 vitae
502 1347 594 1424 diem,
611 1353 695 1409 extra
713 1347 947 1409 christianorum
962 1348 1207 1410 communionem
1220 1349 1341 1409 mansit.

317 1431 459 1506 Attamen
473 1445 498 1506 si
512 1445 592 1525 quis,
605 1446 678 1506 citra
692 1446 789 1525 ipsam
803 1446 947 1527 principis
967 1448 1004 1508 de
1019 1446 1111 1507 rebus
1132 1446 1239 1507 divinis
1252 1466 1341 1507 cons·
1387 1505 1389 1510 .

318 1542 468 1621 cientium,
482 1543 521 1604 ad
534 1548 633 1623 partes
647 1563 709 1622 eas,
728 1563 804 1624 quas
822 1545 854 1605 in
868 1545 1075 1606 ecclesiasticis
1088 1543 1180 1604 rebus
1193 1545 1263 1623 egit,
1279 1545 1343 1605 ani-

318 1661 404 1702 mum
414 1642 541 1703 voluerit
549 1643 715 1720 advertere,
727 1643 870 1723 legesque
880 1649 910 1704 et
923 1644 1147 1704 constitutiones
1161 1649 1190 1704 et
1202 1643 1345 1722 rescripta

318 1740 384 1819 ejus
401 1745 510 1801 attente
528 1740 680 1820 persequi,
703 1741 789 1802 facile
812 1747 952 1820 agnoscet
976 1759 1047 1802 eum
1070 1741 1149 1802 inter
1170 1741 1344 1802 christianos

319 1857 373 1917 pro
396 1838 540 1899 Pontifioe
560 1836 690 1900 Maximo
712 1857 744 1900 se
767 1839 907 1918 gessisse,
939 1839 1221 1919 auctoritatemque,
1253 1859 1344 1920 quarn

319 1935 347 1996 ei
367 1935 599 1997 christianorum
622 1937 764 2016 suffragia
785 1957 846 1998 non
866 1937 1021 2015 dederant,
1043 1938 1142 2017 reipsa
1161 1938 1342 2000 exercuisse.
