3054 5046
738 508 919 572 -104-

316 652 439 728 apparet
458 645 611 710 Pontificis
628 644 751 705 Maximi
771 644 892 705 nomine
918 663 1010 706 usum
1030 663 1111 722 esse,
1134 651 1200 706 eta
1222 645 1341 726 publica

317 745 471 823 religione,
486 763 546 805 non
557 743 621 803 dico
631 747 742 819 mente,
758 747 788 802 at
802 743 901 821 reipsa
913 762 974 803 non
984 742 1077 803 fuisse
1091 743 1233 804 alienum.

357 843 508 903 Exstincto
521 842 645 918 Licinio,
660 861 747 902 mens
762 842 862 902 forsan
877 841 1061 902 Constantini
1076 847 1190 903 mutata
1203 843 1270 920 fuit,
1282 863 1342 904 non

316 959 386 1000 vero
405 941 520 1019 ejurata
544 938 697 999 Pontificis
720 937 843 999 Maximi
860 938 1036 1016 auctoritas,
1060 939 1084 998 si
1112 940 1201 1000 modo
1225 939 1343 1019 legibus

316 1045 346 1098 et
358 1037 601 1117 inscriptionibus
615 1037 715 1115 aliqua
729 1036 806 1097 fides
820 1037 1007 1097 adhibeatur.

356 1136 390 1195 Id
404 1135 578 1214 comprobat
596 1135 645 1194 lex
663 1135 700 1194 de
724 1135 914 1213 publicorum
928 1154 1055 1214 operum
1078 1136 1341 1212 aedificationibus;

316 1234 490 1313 comprobat
505 1239 534 1294 et
552 1233 656 1294 datum
674 1232 891 1312 Hispellatibus
910 1234 1090 1313 rescriptum
1103 1255 1111 1310 ;
1127 1235 1158 1295 id
1172 1235 1262 1296 etiam
1275 1235 1343 1295 duae

316 1332 397 1410 leges
412 1331 592 1392 confirmant
606 1331 662 1391 sub
682 1331 775 1390 finem
790 1331 875 1409 regni
891 1331 993 1409 editae,
1009 1333 1121 1411 quibus
1133 1334 1301 1394 sacerdotes
1315 1339 1344 1409 et

317 1429 454 1490 flamines
475 1429 599 1509 pristina
617 1428 776 1489 curialium
799 1441 964 1489 munerum
985 1431 1173 1491 immunitate
1189 1431 1221 1490 in
1239 1449 1343 1510 perpe-

317 1531 382 1587 tum
403 1528 464 1588 frui
479 1527 636 1607 jubentur.
652 1528 812 1587 'Praetereo
833 1528 956 1606 jussum
986 1529 1052 1588 fieri
1076 1528 1343 1608 Constantinopolis

316 1627 457 1687 Fortunae
471 1625 668 1686 simulacrum
682 1629 712 1683 et
725 1623 875 1685 institutas
888 1624 920 1684 in
937 1626 1075 1685 futurum
1089 1625 1343 1705 celebrandasque

317 1724 476 1803 quotannis
490 1724 522 1783 in
535 1741 610 1784 nova
624 1722 701 1783 urbe
716 1720 929 1782 solemnitates

357 1821 431 1894 Quae
447 1821 547 1882 omnia
560 1825 642 1881 certe
659 1818 871 1880 Pontificatum
891 1818 1058 1880 Maximum
1079 1840 1139 1884 non
1152 1821 1217 1882 sine
1231 1823 1343 1882 honore

317 1944 428 1986 nomen
442 1923 634 1985 Constantino
647 1922 740 1984 fuisse
756 1921 972 1983 demonstrant.
990 1924 1046 1984 Cui
1056 1924 1180 2003 quidem
1191 1924 1235 1984 rei
1253 1923 1345 1984 fidem
1458 1950 1460 1956 ¹

211 2063 217 2076 .
317 2021 408 2082 etiarn
420 2020 499 2080 tituli
514 2020 648 2096 firmant,
663 2019 807 2097 quoniam
816 2037 893 2078 anno
909 2019 970 2080 328
984 2020 1196 2081 Constantinus
1209 2020 1345 2082 Pontifex

316 2118 467 2179 Maximus
494 2116 588 2177 semel
621 2121 711 2195 atque
740 2116 851 2176 iterum
877 2117 1062 2178 inscribitur.
1089 2118 1152 2179 Nec
1176 2123 1345 2198 repugnant

318 2216 448 2292 nummi,
463 2233 637 2295 quanquam
651 2233 712 2273 non
725 2213 765 2274 ita
776 2214 891 2292 juvant,
907 2234 978 2275 cum
992 2220 1128 2277 veterum
1143 2210 1269 2276 deorum
1285 2235 1341 2276 no·

318 2313 401 2372 mina
415 2317 444 2373 et
457 2311 584 2390 effigies,
601 2317 724 2391 excepta
737 2311 879 2372 Fortunae
894 2312 978 2373 urbis
989 2313 1257 2393 Constantinopolis
1270 2313 1345 2374 ima·

317 2411 397 2490 gine,
420 2410 452 2470 in
470 2415 590 2470 moneta
617 2428 677 2470 non
697 2411 762 2489 jain
788 2410 987 2489 reperiantur.
1012 2411 1129 2491 Nempe
1155 2411 1187 2471 in
1210 2417 1345 2472 extrema

319 2508 404 2587 regni
422 2507 470 2567 sui
490 2513 574 2587 parte
594 2507 818 2584 Constantinus,
833 2507 950 2568 etiamsi
969 2507 1122 2569 Pontificis
1142 2508 1265 2570 Maximi
1285 2530 1341 2584 no·

318 2627 389 2668 men
402 2607 570 2686 retinuerit,
586 2613 616 2668 et
628 2606 781 2688 pontificia
797 2608 971 2670 auctoritate
984 2609 1138 2670 interdum
1152 2610 1243 2670 fuerit
1256 2630 1342 2687 usus,

319 2723 524 2784 necunquam
538 2709 654 2766 veteres
668 2709 770 2784 aperte
783 2704 943 2784 religiones
956 2706 1154 2785 prohibuerit,
1169 2707 1202 2766 in
1211 2707 1345 2770 christia·

318 2821 389 2862 nam
402 2807 504 2862 tamen
518 2801 683 2863 doctrinam
697 2801 797 2862 animo
807 2801 946 2881 proruere
958 2801 1102 2864 inclinare
1111 2803 1194 2864 visus
1206 2810 1262 2865 est.

358 2995 503 3058 Tenacior
518 2996 701 3058 auctoritatis
716 3015 779 3058 suae
793 2997 1006 3060 Constantinus
1027 3005 1056 3059 et
1076 3001 1213 3062 ferociori
1225 3002 1345 3080 ingenio

319 3101 393 3172 erat,
405 3115 498 3176 quam
508 3103 543 3157 ut
557 3102 609 3157 aut
623 3097 748 3157 aemulos
758 3098 861 3175 ferret,
873 3105 925 3160 aut
937 3098 1087 3178 quoslibet
1099 3101 1217 3182 imperii
1233 3103 1327 3164 socios
1334 3123 1342 3177 ;

318 3213 374 3254 nec
392 3194 450 3255 alia
470 3195 534 3254 sine
558 3194 649 3256 dubio
671 3200 727 3271 est,
743 3195 768 3254 si
781 3195 819 3257 ad
831 3215 897 3256 rem
917 3196 1013 3276 ipsam
1026 3200 1171 3277 attendas,
1187 3206 1341 3281 suscepto·

318 3310 388 3374 rum
402 3293 448 3353 vel
463 3298 565 3354 contra
579 3293 764 3354 Maxentium
786 3295 833 3355 vel
856 3295 1000 3357 adversus
1023 3295 1172 3359 Licinium
1192 3299 1343 3361 bellorum

317 3409 418 3468 causa,
444 3410 512 3470 quae
536 3411 607 3469 non,
629 3392 687 3452 nisi
701 3392 748 3453 his
762 3393 898 3471 sublatiS,
914 3394 1027 3456 exitum
1041 3395 1184 3458 habuere.
1202 3397 1305 3470 Quum
1318 3399 1343 3460 is

317 3489 409 3568 igitur
422 3490 596 3569 hujusmodi
610 3496 700 3568 esset,
716 3491 807 3552 simul
821 3497 911 3572 atque
924 3513 1083 3574 oppressos
1098 3501 1184 3558 antea
1202 3498 1340 3558 christia·

318 3608 372 3649 nos
390 3589 562 3668 ingratiam
576 3591 733 3671 reciperet,
748 3598 778 3652 et
791 3611 896 3672 paoem
910 3594 947 3653 iis
960 3613 995 3655 ac
1008 3594 1177 3656 libertatem
1197 3599 1341 3658 concede·

317 3691 374 3762 ret,
390 3687 499 3747 nonita
510 3686 566 3746 sibi
577 3687 779 3766 dissentiebat,
796 3695 830 3750 ut
840 3690 987 3753 civitatem
1001 3691 1032 3752 in
1046 3693 1161 3755 civitate
1175 3694 1240 3756 fleri
1257 3701 1341 3774 pate·

317 3789 413 3860 retur,
429 3803 497 3863 quae
513 3785 560 3845 sui
571 3786 651 3864 juris
665 3787 787 3848 omnino
801 3794 831 3848 et
839 3794 923 3850 extra
935 3790 1031 3870 ipsius
1041 3792 1182 3854 ditionem
1196 3794 1302 3873 posita,
1313 3813 1344 3854 se

316 3879 355 3940 ad
368 3880 527 3942 arbitrium
537 3888 566 3942 et
580 3882 643 3944 suis
656 3885 773 3964 legibus
783 3904 888 3965 regere
902 3893 1012 3966 posset.
1030 3888 1074 3950 Ita
1087 3889 1147 3950 vim
1161 3890 1282 3969 imperii
1296 3892 1347 3952 de·

315 3976 426 4037 bilitari
438 3979 567 4057 graviter
581 3986 611 4041 et
622 3981 745 4062 infringi
758 4003 939 4063 persuasum
953 3986 1118 4064 habuisset,
1134 3994 1164 4048 et
1180 3987 1343 4067 imperato-

315 4075 357 4134 ris
372 4077 558 4155 majestatem
571 4079 729 4157 imminui3
742 4082 790 4142 cui
805 4082 860 4160 rei,
877 4084 902 4143 si
915 4084 1072 4163 quisalius
1086 4105 1232 4165 unquam,
1250 4086 1344 4146 Cons-

316 4173 448 4233 tantinus
464 4181 544 4237 certe
558 4196 618 4237 non
628 4178 833 4257 acquievisset.
851 4181 890 4240 At
903 4187 1016 4260 contra,
1029 4183 1156 4246 redactis
1165 4184 1197 4243 in
1207 4183 1343 4244 ordinem

315 4269 495 4350 christianis,
510 4280 540 4334 et
553 4275 649 4354 factis,
666 4282 699 4336 ut
717 4276 758 4338 ita
771 4277 879 4355 dicam,
897 4279 1066 4360 clientibus,
1089 4287 1118 4344 et
1131 4301 1225 4362 penes
1243 4281 1341 4363 impe-
