3054 5046
587 527 750 590 ..51-

158 682 233 724 num
256 661 460 740 incessebant,
486 681 520 723 ac
541 681 651 743 parum
674 663 787 740 abfuit,
820 662 895 742 quin
922 662 1038 744 impetu
1057 663 1133 724 facto
1155 664 1188 724 in

156 760 349 820 turbulentos
363 761 525 821 crudeliter
542 762 707 823 saeviretur.
721 762 786 822 Nec
800 761 971 822 communia
981 762 1083 842 populi
1097 781 1185 824 sena-

155 862 266 935 tusque
279 857 408 918 Romani
422 857 501 934 odia,
513 863 641 938 peractae
655 864 728 918 tunc
741 858 774 918 in
784 858 891 938 palatio
901 858 1056 937 tragoediae
1066 859 1186 938 mitiga-

157 960 276 1014 verunt.
288 955 352 1016 Nec
359 955 412 1014 diu
421 955 525 1016 Romae
534 961 679 1034 moratuS,
689 956 901 1016 Constantinus
911 956 948 1016 ab
956 955 1033 1016 urbe
1041 956 1187 1035 discessit,

158 1058 187 1114 et
196 1053 361 1113 verisimile
376 1053 506 1115 arbitror
519 1074 592 1115 eum
606 1062 728 1136 propter
741 1055 799 1115 hoc
808 1055 873 1135 jam
886 1075 969 1116 novae
983 1056 1145 1118 condendae
1157 1057 1190 1118 in

156 1148 280 1210 Oriente
295 1152 453 1231 metropoli
467 1152 566 1232 acrius
580 1153 733 1214 institisse.

195 1248 390 1328 Auspicalem
400 1249 486 1310 urbis
496 1249 765 1330 Constantinopolis
775 1250 906 1331 lapidem
916 1269 994 1312 anno
1002 1250 1061 1312 328
1071 1251 1190 1313 aut329

155 1345 320 1426 imperator
339 1347 452 1427 posuit,
477 1347 663 1426 alteramque
686 1348 816 1409 Romam
835 1367 913 1410 anno
941 1347 1001 1408 330
1030 1348 1188 1424 dedicavit,
1241 1353 1267 1394 ·'

155 1446 188 1506 in
205 1447 293 1527 cujus
317 1447 509 1509 dedicationis
531 1447 723 1509 solemnitate
746 1447 895 1510 circenses
917 1448 1055 1526 fuerunt,
1077 1466 1191 1528 pagano

158 1564 254 1606 more.

197 1644 255 1704 Hic
275 1663 351 1705 nova
367 1663 463 1724 eaque
484 1644 613 1723 alicujus
632 1644 778 1704 momenti
791 1644 888 1705 oritur
902 1643 1042 1723 quaestio.

197 1735 361 1822 Templane
376 1742 522 1820 Deorum,
535 1748 564 1803 et
577 1742 700 1822 paganis
714 1743 866 1824 obsequiis
881 1746 1052 1804 consecrata
1066 1741 1193 1804 delubra

159 1842 190 1903 in
204 1843 447 1905 Constantiniana
459 1843 536 1904 urbe
547 1844 658 1905 fuere?

198 1940 286 2000 Multi
297 1945 367 2001 sunt
377 1940 430 2020 qui
443 1940 480 2000 de
493 1941 550 2002 hac
559 1940 726 2020 quaestione
740 1941 772 2002 in
786 1942 869 2002 hunc
879 1941 1005 2002 modum
1019 1939 1190 2020 disputent:

161 2039 373 2100 Constantinus
386 2043 453 2118 post
465 2038 560 2100 visam
569 2039 648 2100 inter
657 2039 754 2100 nubes
768 2059 902 2118 crucem,
914 2040 979 2120 jam
992 2044 1061 2100 ante
1081 2038 1193 2099 victum

160 2135 361 2212 Maxentium,
373 2154 439 2196 sese
453 2135 622 2196 christiams
636 2136 730 2196 sacris
750 2136 914 2198 addixerat.
929 2137 1051 2214 Postea,
1066 2135 1143 2196 victo
1164 2141 1194 2196 et

160 2233 276 2294 sublato
289 2233 418 2311 Licinio,
433 2252 514 2293 unus
524 2234 732 2296 Romanarum
746 2253 851 2306 rerum
865 2235 977 2295 arbiter
987 2236 1096 2310 factuS,
1110 2232 1193 2292 omni

159 2332 274 2410 abjecta
288 2331 504 2411 simultatione,
520 2332 633 2412 templa
651 2332 767 2410 claudi,
785 2332 946 2393 simulacra
969 2331 1056 2411 dejici
1073 2332 1120 2392 vel
1135 2350 1192 2392 au-

160 2429 248 2508 ferri,
275 2449 392 2490 sacram
415 2430 573 2510 pecuniam
588 2429 751 2510 publicari,
775 2449 844 2492 vasa
864 2431 1049 2510 templorum
1070 2449 1138 2509 quae
1157 2449 1195 2490 ex

159 2548 234 2590 auro
253 2533 306 2588 aut
333 2534 456 2607 argento
484 2528 659 2589 constabant
685 2527 761 2608 eripi
789 2532 841 2589 aut
866 2528 1005 2605 conflari,
1031 2528 1193 2608 omniaque

160 2626 308 2689 sacrificia
318 2627 431 2689 aboleri
437 2627 538 2706 jussit.
551 2627 626 2698 Quae
637 2645 708 2686 cum
718 2627 865 2687 sanxisset
875 2632 905 2688 et
914 2646 950 2688 eo
961 2632 1040 2687 esset
1049 2615 1194 2686 adversus
1276 2665 1278 2670 -

160 2749 292 2810 paganos
315 2730 392 2790 ritus
407 2730 527 2807 animo,
546 2730 622 2790 nihil
635 2735 716 2791 certe
730 2730 917 2790 committere
932 2734 1048 2811 poterat
1061 2729 1143 2808 quod
1156 2729 1193 2790 ab

159 2828 282 2890 homine
297 2828 458 2890 christiano
468 2835 548 2890 esset
561 2827 705 2889 alienum.
719 2828 988 2908 Constantinopolis
1004 2827 1114 2906 igitur,
1130 2831 1195 2888 uta

160 2927 324 2988 christiano
351 2927 532 3007 imperatore
554 2927 686 3004 condita,
716 2927 791 2988 urbs
815 2926 1063 2988 christianissima
1085 2924 1142 2985 fuit
1164 2931 1194 2986 et

160 3016 282 3106 templis
302 3044 337 3087 ac
356 3025 526 3087 sianulacris
543 3024 687 3105 omnique
706 3025 813 3105 pagani
827 3025 927 3086 cultus
941 3024 1050 3086 indicio
1070 3023 1193 3086 omnino

160 3141 254 3184 vacua
267 3121 324 3204 (1).
423 3153 427 3165 ›

199 3219 266 3280 Hoc
276 3225 322 3281 est
336 3237 406 3280 sane
416 3226 484 3299 apte
494 3219 696 3299 conclusaque
706 3219 822 3297 dicere,
835 3219 888 3280 sed
900 3219 982 3279 haud
992 3218 1052 3278 scio
1062 3236 1101 3278 an
1109 3236 1190 3280 vere.

160 3317 239 3379 Nam
250 3317 275 3378 si
290 3317 369 3397 quis,
388 3318 498 3378 omisso
515 3317 596 3397 quod
610 3317 822 3378 Constantinus
836 3317 873 3378 de
888 3318 1065 3392 divinitate,
1082 3321 1116 3376 ut
1128 3316 1194 3398 ipse

160 3434 238 3477 anno
251 3417 310 3476 325
323 3416 439 3477 dicebat
452 3416 509 3498 (2),
527 3417 666 3494 senserit,
678 3415 869 3486 ,Constantini
879 3415 1045 3476 sanctiones
1055 3415 1101 3474 vel
1110 3414 1193 3494 leges

160 3516 276 3592 afferat,
288 3534 368 3594 quaa,
380 3534 440 3576 non
452 3515 517 3576 dico
528 3533 658 3595 paganos
669 3533 788 3591 sensuS,
801 3513 853 3574 sed
864 3512 982 3574 ciu'lem
992 3513 1135 3574 adversus
1144 3533 1194 3574 ve-

160 3619 225 3675 tera
238 3612 374 3674 instituta
387 3613 560 3692 patientiam
575 3612 688 3693 liquide
703 3611 909 3692 comprobent,
924 3611 1009 3695 quid,
1025 3630 1139 3691 quaeso,
1156 3612 1193 3672 de

162 3710 295 3790 speciosa
307 3709 564 3788 argumentatione
582 3710 659 3770 fiet‘l
676 3710 740 3770 Hoc
757 3708 869 3770 habent
889 3709 1006 3769 malum
1021 3708 1096 3768 tales
1117 3727 1190 3770 con-

162 3808 357 3868 clusiunculae
374 3810 471 3894 quod,
495 3809 521 3870 si
540 3809 638 3889 prima
657 3827 727 3890 pars
742 3814 870 3888 negatur
892 3813 945 3869 aut
957 3799 1120 3883 refellitur,
1136 3824 1190 3867 ex·

161 3908 258 3965 trema
271 3905 360 3984 perit.
776 3913 778 3917 ’
891 3940 900 3975 1

201 4001 282 4064 Urbs
292 4003 496 4079 Constantini,
511 4023 589 4065 anno
608 4003 668 4064 330
688 4003 838 4080 dedicata,
857 4001 943 4064 annis
958 3998 1194 4079 sequentibuset

198 4233 233 4302 (l)
250 4236 458 4297 Tricurourrus,
471 4237 544 4287 Htrt.
559 4236 601 4286 der
614 4237 706 4298 Emp..
721 4245 757 4298 iv,
772 4248 798 4299 p.
811 4232 873 4284 255.

197 4319 233 4387 (2)
251 4323 316 4374 cod.
333 4322 469 4398 Tteodoa„
483 4332 521 4383 rx,
536 4320 578 4372 tlt.
596 4320 619 4381 t,
633 4319 658 4386 l.¹
669 4320 696 4372 t.
