3054 5046
620 552 781 612 ..4:3..

227 685 334 746 Nonne
345 686 393 746 his
406 686 439 746 in
450 685 561 764 verbis,
575 690 641 766 post
654 687 834 747 exstinctum
849 693 929 748 certe
939 688 1088 750 Licinium
1099 691 1218 772 scriptis

187 783 316 842 recitatis
329 801 384 859 ve,
400 781 487 861 quasi
506 801 648 862 expressa
664 783 763 862 imago
782 787 827 842 est
845 784 972 863 hujusce
989 784 1046 845 loci
1067 805 1158 866 quem
1180 807 1217 850 ex
1267 821 1274 830 ·

186 881 395 941 constitutione
427 881 611 942 Constantini
639 899 731 961 supra
757 881 907 961 descripta
938 901 1043 943 omnes
1079 891 1215 947 norunt:

186 997 202 1038 a
218 979 307 1038 Adite
322 997 390 1039 aras
403 983 492 1057 atque
508 978 653 1055 delubra,
667 984 697 1038 et
710 978 935 1039 consuetudinis
948 986 1055 1042 vestrae
1069 982 1217 1045 celebrate

101 1123 103 1126 .
184 1076 342 1137 solemnia.
361 1094 377 1136 u
398 1076 532 1154 Paganos
551 1077 762 1137 Constantinus
776 1075 884 1156 impios
898 1078 1050 1160 (δυσσεᾶεῑς)
1067 1081 1214 1160 appellat,
1236 1094 1240 1101 ’

184 1179 218 1234 ut
231 1179 319 1234 antea
329 1173 434 1254 pagani
449 1174 638 1250 christianos,
654 1179 684 1234 et
693 1175 825 1253 prolecto
835 1175 949 1235 mirum
959 1176 1123 1237 admodum
1137 1185 1217 1240 esset

183 1273 221 1351 si,
234 1274 398 1353 interprete
408 1273 558 1350 Eusebio,
574 1273 666 1334 oratio
680 1274 767 1334 aliter
781 1292 812 1333 se
826 1274 960 1334 haberet.
970 1274 1038 1335 Non
1048 1275 1140 1338 verba
1148 1277 1214 1356 ipsa

183 1371 394 1455 expendimus,
412 1391 451 1432 an
466 1372 681 1432 contumeliosa
695 1372 755 1432 sint
764 1391 876 1449 necne,
889 1373 942 1432 sed
955 1373 1028 1452 quid
1042 1374 1142 1453 reipsa
1160 1394 1213 1436 va·

182 1471 272 1532 leant.
284 1471 382 1530 Nemo
396 1475 498 1530 autem
507 1489 617 1548 negare
627 1469 721 1548 possit
732 1469 824 1529 verba
838 1471 903 1529 haec
912 1469 971 1547 legi
982 1470 1057 1530 datae
1067 1489 1146 1532 anno
1155 1470 1216 1533 319

183 1568 293 1648 optime
308 1568 487 1628 consentire.
504 1567 603 1628 Facile
618 1575 664 1628 est
677 1567 769 1646 igitur
787 1567 918 1628 Eusebio
936 1567 1104 1628 Eusebium
1126 1588 1215 1649 oppo-

182 1687 266 1745 nere,
281 1687 414 1747 eumque
429 1668 518 1728 variis
533 1653 624 1745 lociS,¹
640 1666 854 1746 interdumque
870 1668 933 1728 lere
949 1667 1069 1744 iisdem,
1085 1667 1215 1749 sibiipsi

183 1765 435 1824 contradicentem
450 1763 685 1843 deprehendere.

220 1863 333 1922 Parum
346 1867 448 1923 tamen
462 1868 540 1923 esset
561 1862 586 1922 si
606 1862 680 1922 nihil
695 1861 777 1922 aliud
792 1867 974 1940 suppeteret.
997 1861 1051 1922 Est
1065 1867 1166 1924 autem
1183 1863 1214 1924 in

183 1959 282 2023 codice
295 1959 500 2020 Theodosium
514 1960 563 2020 lex
582 1957 767 2019 Constantini
787 1958 883 2037 ipsius
901 1977 969 2038 quae
991 1964 1124 2020 nostram
1140 1979 1211 2022 sen-

182 2057 305 2117 tentiam
319 2057 492 2133 confirmat,
504 2075 657 2136 quamque
671 2056 720 2116 hic
733 2055 913 2117 adscribam.

417 2231 644 2333 Constantinus
658 2270 697 2332 A.
714 2269 860 2332 Secundo
875 2269 914 2331 P.
931 2271 970 2333 P.
1016 2328 1018 2333 .

221 2451 237 2492 a
254 2429 482 2492 Provinciarum
489 2431 607 2510 judices
621 2431 806 2492 commoneri
822 2430 1033 2510 praecipimus,
1052 2437 1087 2493 ut
1102 2433 1178 2493 nihil
1194 2454 1213 2496 a

183 2549 198 2590 t
220 2549 252 2591 se
275 2529 344 2591 novi
364 2528 462 2608 operis
485 2529 616 2590 ordinari
635 2535 704 2591 ante
727 2529 837 2590 debere
855 2535 1044 2608 cognoscant,
1063 2548 1156 2609 quam
1176 2551 1212 2593 ea

181 2649 197 2688 «
219 2627 433 2707 compleverint
454 2646 522 2706 quae
543 2647 561 2687 a
583 2627 790 2688 decessoribus
811 2627 948 2688 inchoata
962 2632 1032 2687 sunt
1048 2645 1055 2686 :
1071 2630 1208 2704 exceptis

182 2747 196 2786 <t
220 2728 381 2787 duntaxat
395 2725 586 2802 temptorum
605 2725 882 2804 aedificationibus.
901 2725 1011 2784 Datum
1030 2725 1073 2785 ΠΙ
1087 2724 1208 2786 kalend.

182 2847 196 2886 (ι
214 2827 274 2906 jul.
283 2825 520 2889 Constantinoh.
529 2825 584 2886 Vll
593 2831 622 2886 et
630 2825 799 2886 Constantio
808 2825 925 2886 Caesare
937 2826 1020 2886 Cos's.
1032 2823 1117 2905 (326)
1124 2823 1180 2907 (l).
1193 2846 1211 2886 a

218 2924 283 2984 Hac
298 2923 389 3001 lege,
412 2942 491 2983 nova·
514 2941 604 3001 opera
626 2922 770 3000 excitare,
788 2928 911 3002 sumptu
935 2922 1046 3008 scilicet
1069 2922 1208 3002 publico,

180 3027 311 3084 rectores
328 3021 550 3102 provinciarum
569 3027 722 3098 vetantur,
739 3028 899 3100 antequam
915 3021 1050 3082 absoluta
1065 3021 1125 3081 sint
1141 3041 1210 3101 quae

180 3121 351 3182 decessores
364 3119 577 3180 inchoaverint.
593 3119 792 3201 Excipiuntur
805 3123 923 3179 tantum
936 3120 1049 3198 templa
1063 3118 1120 3200 (2).
1136 3119 1210 3190 Quae

178 3237 247 3280 vero
268 3218 404 3297 templa?
424 3218 653 3296 Paganarumne
678 3237 716 3278 an
738 3217 970 3284 christianorum
995 3218 1209 3279 Constantinus

178 3313 337 3394 iutelligit?
363 3315 394 3375 Si
419 3314 487 3394 quis
510 3314 547 3375 ad
569 3314 697 3375 verbum
718 3313 819 3393 ipsum
841 3333 901 3393 quo
926 3313 1138 3374 Constantinus
1160 3316 1210 3376 hic

179 3413 283 3489 utitur,
300 3417 329 3472 et
341 3412 379 3473 ad
388 3417 524 3490 tempora
534 3418 565 3472 et
574 3412 611 3472 ad
621 3431 764 3492 personas
773 3411 926 3471 attendere
933 3412 1071 3487 voluerit,
1084 3411 1208 3473 minime

179 3510 324 3571 dubitabit
337 3511 411 3590 quin
427 3510 464 3570 de
474 3510 632 3588 gentilium
643 3509 862 3570 sacris'aedihus
872 3508 921 3568 hic
931 3514 1046 3587 agatur.
1064 3509 1206 3589 Templo·

209 3723 245 3791 (t)
265 3726 328 3776 cod.
348 3725 486 3784 Theodec,
501 3723 547 3774 lib.
565 3737 609 3785 xv,
624 3717 666 3774 tit?
680 3725 703 3781 l,
719 3723 738 3773 l.
751 3725 776 3774 5.

209 3809 244 3874 (ἒ)
267 3809 321 3860 Non
349 3807 591 3872 intelligere'hcile
614 3822 718 3872 possum
747 3807 875 3872 quomodo
904 3808 1097 3860 recentissimus
1120 3815 1208 3860 auctor

176 3894 213 3954 (ll.
230 3883 271 3945 tt.
287 3893 419 3955 Causast,
436 3895 606 3945 Destruction
624 3895 661 3944 dn
681 3894 843 3955 Papanisme
860 3906 893 3944 en
915 3894 1018 3948 orient,
1036 3890 1115 3952 Paris,
1132 3892 1206 3951 1850.

176 3994 200 4043 p,
216 3979 259 4044 69)
273 3979 339 4030 hauc
353 3979 437 4041 legem
448 3979 482 4029 ita
495 3978 685 4042 interpretetur,
700 3984 729 4028 ut
742 3978 810 4029 dicat
819 3977 1011 4030 Constantinum
1027 3977 1111 4026 omnia
1128 3988 1205 4039 opera

175 4065 291 4116 inchoata
310 4064 568 4128 conspirantissime,
588 4064 700 4125 exceptis
720 4065 844 4117 duntaxat
867 4063 979 4126 templis.
1000 4061 1035 4110 Ex
1057 4061 1120 4121 tpsts
1142 4059 1207 4124 legis

166 4150 261 4206 ,verbis
272 4149 433 4213 perspicitur,
446 4163 502 4200 mea
513 4147 615 4214 quidem
628 4149 764 4207 sententia,
775 4148 851 4212 longe
868 4147 943 4198 aliter
958 4158 987 4196 se
998 4157 1052 4194 rem
1065 4141 1204 4201 habuisse;

87 4285 90 4297 k
175 4241 201 4284 et
222 4234 338 4298 potuisse
363 4234 441 4285 etiam
468 4247 533 4285 nova
562 4232 656 4296 templa
679 4230 808 4295 aeditlcmt,
834 4233 894 4284 lieet
912 4229 958 4280 alia
977 4231 1138 4278 monumenta
1162 4226 1207 4276 in·

175 4317 264 4371 chuata
280 4318 431 4382 penderent.
