3054 5046
620 521 741 592 ..⁴105
760 565 801 576 .-

196 676 328 732 ratorem
342 667 469 730 inomni
482 686 516 727 re
529 657 643 746 positis,
665 665 785 745 imperii
805 665 970 727 auctoritas·
985 667 1016 727 in
1039 669 1226 730 immensum
1390 719 1394 725 .

196 769 358 830 crescebat.
382 767 488 858 Neque
508 771 580 826 tunc
598 766 645 826 vel
664 770 796 844 coeperat
811 764 862 844 qui
879 765 1003 826 invaluit
1017 786 1091 828 usus
1110 773 1223 847 postea,

196 867 393 944 spiritualia,
410 870 444 924 ut
458 863 576 940 dicitur,
589 868 619 923 et
627 862 818 939 temporalia
832 881 999 925 secernere.
1017 865 1130 927 Omnes
1145 871 1225 928 retro

196 969 346 1050 principes
360 973 390 1027 et
403 965 535 1026 civilium
550 971 579 1025 et
599 983 754 1026 sacrarum
765 983 869 1025 rerum
883 971 1057 1046 potestatem
1071 988 1224 1030 summam

196 1067 376 1142 habuerant,
395 1070 425 1124 et
445 1083 516 1124 oum
534 1062 613 1123 civili
626 1062 751 1141 imperio
775 1062 937 1142 imperium
956 1064 987 1124 in
1007 1066 1166 1144 religiones
1184 1067 1225 1129 ita

197 1163 337 1242 conjungi
350 1168 379 1222 ct
397 1161 517 1222 misceri
531 1147 630 1220 visum
643 1165 717 1237 erat,
739 1165 773 1219 ut
790 1160 985 1222 pontificatus
999 1161 1149 1223 Maximus
1171 1165 1224 1243 qui

198 1261 346 1341 usquead
363 1259 490 1338 Pupieni
504 1263 533 1319 et
547 1258 666 1319 Balbini
678 1263 814 1337 tempora
831 1258 862 1317 in
883 1259 974 1318 unius
998 1279 1091 1322 manu
1113 1262 1221 1339 luerat,

196 1365 262 1420 tum
276 1359 354 1419 inter
373 1359 428 1417 hos
448 1357 523 1417 duos
543 1355 693 1436 principes
709 1356 844 1416 divisum
866 1356 967 1434 luerit,
992 1357 1074 1436 iique
1089 1357 1180 1418 simul
1195 1365 1225 1419 et

197 1457 327 1536 Augusti
341 1461 370 1516 et
381 1454 542 1516 Pontifices
549 1444 672 1514 Maximi
687 1453 777 1514 creati
788 1453 910 1514 fuerint
923 1455 1040 1534 Itaque,
1050 1474 1224 1535 quanquam

199 1553 409 1614 Constantinus
432 1551 593 1612 christiano
618 1551 744 1611 lavacro
769 1551 903 1611 nondum
927 1551 1067 1612 imbutus
1092 1571 1148 1613 nec
1171 1573 1222 1614 re-

196 1654 261 1733 ipsa
276 1650 456 1716 christianus
469 1653 544 1726 erat,
560 1654 627 1728 post
640 1648 751 1709 victum
764 1654 866 1710 tamen
880 1647 1075 1728 Maxentium,
1092 1670 1148 1711 nec
1160 1656 1225 1713 tan-

197 1767 289 1827 quam
304 1767 370 1808 rem
392 1746 521 1808 alienam
533 1746 704 1832 invaderet,
725 1745 780 1806 sed
799 1745 885 1825 quasi
907 1765 1012 1807 rerum
1033 1766 1159 1808 suarum
1173 1769 1224 1810 ar-

196 1845 322 1905 bitrium
346 1861 500 1920 exercens,
526 1841 668 1903 Ecclesiae
695 1842 912 1929 gubernacula,
937 1862 998 1903 non
1025 1849 1058 1903 ut
1086 1845 1225 1926 princeps

196 1942 297 2018 modo,
310 1942 362 2001 sed
376 1946 410 2000 ut
422 1960 476 2001 rex
489 1939 633 2017 tractavit,
650 1944 734 2026 ratus
757 1937 914 2017 nimirum,
931 1939 975 2000 'ad
995 1959 1038 2017 se,
1060 1941 1222 2023 Pontifica-

196 2046 246 2100 tus
264 2038 387 2100 Maximi
401 2037 483 2118 ju're,
505 2036 618 2116 dequo
642 2056 731 2097 nemo
749 2036 813 2117 ipsi
830 2039 1062 2108 controversiam
1087 2039 1223 2116 faciebat,

197 2142 226 2196 et
260 2135 381 2216 gentilia
415 2141 445 2195 et
478 2132 639 2194 christiana
672 2152 756 2195 sacra
790 2133 1017 2196 administrandi
1051 2139 1225 2214 potestatem
1306 2171 1307 2174 =

198 2234 357 2313 pertinere.
1294 2237 1299 2245 '

236 2331 347 2391 Nullus
361 2331 492 2409 profecto
507 2349 544 2390 ex
558 2327 727 2390 christianis
746 2328 839 2407 hujus
859 2329 962 2389 saeculi
984 2331 1030 2391 vel
1052 2330 1225 2410 posterioris

198 2427 425 2489 Constantinum
447 2427 624 2487 Pontificem
646 2424 813 2486 Maximum
827 2427 985 2505 appellavit
1003 2428 1056 2487 sed
1079 2426 1225 2507 quamdiu

197 2527 278 2603 vixit,
294 2525 331 2587 ah
345 2545 423 2586 armo
437 2525 544 2585 saltem
557 2524 628 2600 313,
648 2542 753 2606 omnes
768 2524 869 2584 clerici
882 2529 912 2584 et
925 2524 982 2604 ipsi
996 2526 1138 2606 episcopi,
1154 2545 1224 2586 cum

196 2645 242 2701 eo,
259 2629 403 2703 tanquam
413 2642 483 2684 cum
497 2622 642 2683 Pontifice
655 2620 786 2682 Maximo
796 2621 932 2700 gessere,
945 2628 975 2682 et
987 2623 1051 2702 ipse
1065 2623 1107 2684 ita
1120 2643 1153 2684 se
1166 2624 1221 2685 ad-

195 2741 301 2783 versus
315 2721 454 2782 ecclesias
468 2721 570 2800 gessit,
585 2726 729 2800 tanquam
744 2726 823 2780 esset
837 2720 1018 2798 moderator,
1033 2721 1156 2800 arbiter,
1169 2722 1221 2801 ju·
1294 2772 1296 2777 .

98 2894 103 2902 ι
198 2823 255 2882 dex
268 2827 298 2882 et
312 2839 416 2881 revera
429 2820 566 2881 Pontifex
575 2813 736 2880 Maximus.

235 2919 323 2990 Quod
337 2917 574 2978 utmanilestum
584 2936 650 2978 esse
663 2923 814 2996 appareat,
836 2917 911 2978 duas
925 2918 1105 2996 quaestiones
1124 2918 1222 2997 attigi-
1269 2903 1275 2912 ’

195 3035 264 3078 mus
277 3017 396 3097 penitus
408 3016 639 3090 ecclesiasticas;
655 3015 780 3077 alteram
794 3035 914 3096 nempe,
927 3017 1037 3096 quaein
1051 3016 1222 3094 Occidente,

197 3116 269 3175 etin
283 3115 383 3176 Africa
403 3114 571 3194 prasertim
595 3114 684 3193 paulo
701 3120 769 3175 ante
791 3120 904 3192 exorta,
929 3115 1007 3177 circa
1028 3134 1142 3176 annum
1165 3114 1224 3176 313

196 3214 295 3274 acrius
309 3215 466 3290 efferbuit;
482 3215 619 3290 alteram,
635 3233 704 3294 quae
718 3234 753 3275 eo
763 3219 899 3294 tempore
914 3220 1005 3291 mota,
1017 3234 1077 3294 quo
1091 3215 1224 3276 Licinius
1320 3253 1323 3259 -

197 3313 290 3373 victus
297 3317 326 3374 et
339 3313 465 3393 imperio
478 3319 587 3374 exutus
600 3313 818 3374 Thessalonicae
834 3312 971 3392 degebat,
987 3333 1058 3373 mox
1069 3313 1223 3375 Orientem

195 3414 291 3470 totum
307 3411 446 3491 pervasit,
462 3431 517 3472 nec
532 3429 603 3471 oum
616 3411 680 3490 ipso
695 3409 886 3470 Constantino
901 3410 1029 3470 extincta
1045 3415 1108 3470 est:
1125 3429 1224 3490 neque

195 3508 226 3568 in
239 3509 422 3589 exponendis
436 3511 547 3569 harum
566 3527 671 3569 rerum
691 3507 806 3568 vicibus
818 3507 876 3569 alia
898 3525 932 3567 ao
954 3506 1223 3570 ecclesiasticorum
1263 3569 1266 3575 ,

196 3605 359 3684 sriptorum
368 3606 538 3667 testimonia
551 3605 757 3667 adhibuimus

234 3701 269 3761 In
283 3709 410 3783 utraque
423 3709 526 3764 autem
540 3703 704 3783 quaestione
715 3704 944 3765 Constantinum
959 3704 1089 3764 vidimus
1104 3705 1145 3765 ita
1155 3705 1220 3784 pri-

186 3819 259 3874 mas
272 3807 411 3879 agentem
424 3807 458 3861 ut
471 3821 527 3880 nco
541 3801 729 3882 superiorem
745 3804 821 3863 ierat
836 3822 893 3863 nec
902 3821 1023 3882 parem„

234 3897 373 3970 Quonam
387 3919 457 3960 vero
471 3900 592 3970 nomine
607 3900 830 3978 Constantinus,
846 3901 904 3960 nisi
914 3900 1092 3976 Pontificali,
1109 3919 1143 3980 ea
1153 3920 1222 3980 quaa

193 3997 430 4058 memoravimus
461 3997 608 4078 episcopis
631 3999 678 4058 vel
700 3998 833 4058 ecclesiis
858 3997 987 4078 scripsit,
1010 3999 1047 4058 de
1072 3998 1223 4058 haereticis

194 4095 303 4172 sanxit,
327 4096 452 4156 concilia
466 4095 644 4173 convocavit,
663 4095 796 4156 civilium
808 4096 948 4174 judicum
969 4096 1000 4155 in
1017 4095 1109 4156 rebus
1123 4094 1220 4155 eccle-

193 4191 320 4253 siasticis
334 4193 493 4254 arbitrium
506 4192 694 4271 interposuit,
714 4195 752 4254 ad
767 4195 904 4254 selectas
923 4193 960 4254 ah
984 4192 1129 4273 episcopis
1146 4213 1219 4272 pro-

193 4291 359 4352 vocationes
370 4291 492 4370 recepit,
508 4294 607 4369 partes
621 4292 760 4353 adversas
770 4310 825 4371 per
838 4291 991 4371 seipsum.
997 4290 1151 4371 judicavit,
1167 4292 1221 4351 hos
