3054 5046
766 563 928 624 ...58-

333 700 455 762 omnino
469 717 655 780 paganorum
669 697 736 759 fieri
749 702 909 759 vetaretur.
925 697 1021 778 Cujus
1031 681 1156 778 quidem
1166 700 1240 779 legis
1251 701 1363 762 mentio

333 804 413 860 certe
427 803 506 859 esset
521 798 601 878 apud
615 797 775 875 scriptores
788 815 919 876 paganos
934 796 1013 858 male
1024 797 1055 856 in
1071 797 1258 874 christianos
1274 805 1363 877 atque

333 897 366 957 in
376 896 604 956 Constantinum
622 895 778 971 animatos
795 894 966 973 quibusque
981 913 1028 971 ea,
1044 915 1113 974 quae
1128 896 1284 956 malefacta
1298 897 1364 975 ejus

334 993 456 1070 habent,
475 993 545 1054 licet
566 992 643 1053 levia
664 1010 836 1070 aggravare,
862 992 961 1070 potius
984 1011 1077 1078 quam
1104 997 1268 1054 extenuare
1295 994 1361 1074 pla·

337 1098 383 1152 cet
392 1091 448 1173 (1).
774 1097 776 1102 '

377 1191 417 1251 nt
437 1191 519 1251 enim
537 1189 610 1269 quid
625 1189 815 1249 Constantius
835 1189 1005 1267 significare
1024 1189 1128 1268 voluit,
1145 1208 1216 1250 cum
1229 1191 1288 1250 divi
1310 1211 1363 1271 pa-

335 1289 429 1350 rentis
452 1289 499 1349 sui
523 1289 620 1366 legem
643 1291 747 1346 contra
770 1287 927 1364 sacrificia,
960 1287 997 1346 ad
1023 1288 1201 1348 memoriam
1230 1289 1365 1348 omnium

335 1386 506 1448 revocaret?
521 1385 600 1457 Quid
618 1385 654 1445 de
675 1384 796 1464 templis
818 1385 1053 1464 Aphacensium,
1077 1386 1366 1465 Heliopolitanorum

335 1485 367 1546 in
387 1484 540 1560 Phenicia,
563 1482 728 1562 AEgeorum
749 1484 781 1543 in
803 1483 905 1544 Cilicia
929 1483 1115 1561 disturbatis
1136 1491 1171 1544 ut
1192 1486 1367 1546 nominatim

336 1586 478 1662 refertur,
494 1582 708 1662 cogitandum?
724 1582 804 1654 Quid
812 1582 849 1642 de
858 1601 943 1642 sacra
954 1583 1081 1662 pecunia
1092 1584 1231 1663 expilata,
1247 1584 1321 1663 quid
1331 1585 1367 1644 de

337 1683 460 1743 divulsis
473 1682 708 1766 transvectisque
724 1681 894 1742 simulacris
914 1685 942 1741 et
956 1681 1110 1742 columnis·
1119 1683 1281 1744 fanorum‘.t
1296 1684 1368 1744 Haec

337 1782 439 1843 omnia
451 1801 505 1861 pro
518 1779 695 1841 commentis
706 1779 890 1859 somniisque
905 1779 998 1840 meris
1007 1779 1145 1841 habenda
1155 1781 1248 1841 sunt?

376 1880 512 1957 Minime,
528 1885 562 1939 ut
574 1879 689 1959 opinor.
706 1877 793 1949 Quod
808 1878 846 1938 ad
859 1878 958 1956 legem
978 1878 1081 1938 attinet
1102 1898 1194 1958 quam
1215 1879 1365 1939 Constan-

337 1978 398 2039 tius
411 1982 637 2054 commemorat,
654 1995 714 2036 non
728 1976 766 2036 ad
780 1995 864 2036 sacra
878 1975 978 2036 omnia
987 1975 1108 2055 publica
1122 1982 1151 2037 et
1164 1977 1262 2037 omnis
1277 1997 1366 2057 gene-

339 2077 381 2136 ris
401 2095 468 2136 eam
479 2080 628 2155 spectasse
641 2079 724 2154 puto,
740 2074 794 2133 sed
813 2079 930 2134 tanturn
945 2074 983 2133 ad
997 2077 1259 2151 superstitionum
1273 2077 1370 2136 detes-

339 2175 470 2235 tabilem
489 2175 656 2233 insaniam
678 2177 707 2232 et
726 2171 764 2232 ad
784 2171 931 2232 maleficia
945 2191 1013 2251 quae
1023 2173 1088 2252 jam
1101 2173 1367 2234 anteaConstanti·

338 2290 398 2333 nus
429 2276 574 2348 vetuerat,
607 2289 735 2350 quaeque
766 2289 887 2349 semper
918 2270 1032 2348 evulsa,
1068 2271 1208 2332 continuo
1237 2272 1366 2332 aliorum

338 2369 455 2447 fraude,
471 2369 600 2430 aliorum
614 2368 788 2429 credulitate
806 2367 979 2446 interposita
1002 2369 1246 2430 renascebantur.
1274 2370 1368 2431 Malas

339 2485 409 2527 vero
429 2466 634 2533 veneficorum
648 2471 727 2526 artes
748 2465 902 2542 damnare,
919 2466 1007 2543 longe
1022 2466 1104 2525 aliud
1119 2470 1164 2526 est
1178 2485 1212 2526 ac
1232 2466 1367 2547 publicos
1406 2499 1414 2510 ·

340 2563 521 2643 religionum
535 2563 612 2624 ritus
625 2563 795 2642 prohibere.
812 2562 923 2641 Pagani
937 2562 994 2642 ipsi
1009 2563 1168 2642 scriptores
1182 2583 1253 2623 cum
1273 2565 1368 2624 Cons-

338 2663 468 2723 tantium
485 2661 683 2739 laudaverint,
703 2661 784 2741 quod
797 2661 829 2721 in
844 2661 985 2721 fraudum
999 2661 1129 2721 artifices
1149 2667 1179 2722 et
1202 2663 1234 2721 in
1251 2663 1369 2742 praesti-

339 2761 402 2840 gias
410 2761 623 2821 circulatorum
630 2759 759 2821 saevierit
768 2757 825 2841 (2),
838 2778 898 2819 non
912 2758 1140 2819 Constantinum
1150 2761 1369 2841 culpare-pote,

339 2863 407 2918 rant
417 2858 497 2937 quod
512 2858 619 2918 eodem
632 2857 663 2918 in
679 2875 730 2917 eos
740 2857 840 2918 animo
849 2862 938 2934 esset,
950 2876 1006 2918 nec
1015 2857 1066 2917 tali
1080 2862 1160 2918 certe
1173 2859 1372 2938 prohibitione

303 2976 306 2984 ·
339 2957 444 3017 laesam
458 2956 680 3017 arbitrabantur
694 2955 886 3035 publicorum
900 2975 1056 3016 sacrorum
1066 2955 1297 3017 observantiam.
1311 2958 1375 3018 Nec

340 3054 426 3116 aliter
462 3053 595 3131 intelligo
631 3071 699 3132 quae
735 3053 772 3114 de
806 3053 904 3113 tribus
928 3054 1050 3134 templis
1073 3054 1169 3114 erutis
1195 3060 1369 3115 narrantur.

340 3151 457 3231 Nempe
471 3170 506 3211 ea
519 3151 595 3210 verti
607 3149 698 3230 jussit
711 3150 875 3230 imperator
893 3157 927 3210 ut
948 3155 1041 3212 totam
1065 3151 1220 3230 regionem
1233 3152 1375 3213 sordibus

341 3253 371 3309 et
383 3247 520 3308 omnium
534 3248 716 3327 flagitiorum
730 3253 760 3308 et
772 3249 966 3328 turpitudinis
985 3249 1052 3310 labe
1068 3256 1221 3329 purgaret.
1237 3250 1307 3312 Non
1321 3272 1371 3313 re·

341 3346 484 3425 ligionem
498 3346 651 3427 extirpari,
667 3347 720 3407 sed
733 3347 804 3408 vitia
817 3347 923 3426 deleri,
939 3368 1000 3410 non
1013 3349 1137 3429 templa,
1153 3351 1207 3410 sed
1226 3351 1374 3429 supersti-

336 3443 459 3512 tionum
475 3445 623 3506 sentinam
640 3444 751 3524 optimo
766 3444 875 3524 cuique
894 3465 1032 3526 gravem3
1049 3465 1110 3507 non
1123 3444 1224 3508 sancta
1237 3448 1373 3509 Deorum

376 3674 411 3744 (t)
429 3678 460 3727 tt
474 3682 561 3729 contra
576 3678 601 3728 in
617 3677 715 3729 Libanii
733 3679 849 3730 oratione
863 3691 918 3744 quae
930 3692 982 3743 pro
998 3656 1103 3746 templis
1116 3641 1275 3743 inscribitur,
1290 3680 1318 3731 id
1333 3680 1376 3730 in-

342 3757 415 3823 signe
429 3760 603 3810 testimonium
617 3761 745 3824 reperitur
757 3761 789 3811 dc
801 3760 966 3812 Constantino
978 3775 985 3812 :
1000 3757 1042 3817 Εἰς
1052 3756 1096 3829 μὲν
1104 3756 1149 3813 τὴν
1160 3759 1204 3815 της
1215 3753 1308 3815 notrae
1319 3757 1376 3828 περί

342 3846 372 3906 ἣν
387 3846 535 3916 ἐσπούδασε,
551 3853 663 3922 ποίησιν,
680 3857 731 3914 τοῖς
744 3852 817 3926 ἱεροῖς
831 3851 958 3925 ἕχρησάτο
971 3854 1098 3928 χρὴμησι,
1114 3858 1159 3916 τῆς
1173 3853 1237 3905 κατὰ
1250 3850 1338 3926 νόμους
1351 3848 1376 3905 δὲ

343 3949 473 4022 θεραπείας
491 3949 599 4008 ἐκίνησεν
617 3947 686 4004 οὐδὲν
708 3949 742 4003 ἑν·
763 3943 815 4002 ἀλλ’
835 3943 864 4008 ἧν
887 3951 930 4024 μὲν
950 3950 974 4004 ἐν
994 3956 1045 4013 τοῖς
1063 3951 1135 4026 ἱεροῖς
1150 3951 1232 4005 πενία·
1249 3956 1332 4025 παρῆν
1348 3946 1374 4003 δὲ

344 4044 402 4122 ὁρᾴν
418 4046 518 4100 ἅπαντα
529 4046 553 4100 τ’
568 4045 630 4102 tila
643 4047 808 4124 πληρούμενα.
825 4055 902 4122 (Edit.
921 4058 1021 4123 Sinner,
1036 4074 1063 4124 p.
1077 4057 1214 4124 tat-23³.)

376 4157 409 4206 Et
428 4157 479 4207 alio
497 4157 612 4221 ejusdem
631 4159 753 4209 orationis
771 4157 845 4210 loco:
865 4152 919 4204 Οὐκ
939 4150 979 4204 ἐπί
998 4153 1043 4216 τὰς
1064 4153 1150 4214 θυσίας
1173 4148 1290 4225 προῆλθε.
1313 4161 1372 4225 (ld,

344 4256 369 4305 p.
386 4240 446 4291 aar.

378 4340 413 4408 (a)
432 4342 561 4402 Lirinus,
576 4331 750 4400 Βασιλικίς,
768 4359 828 4410 pag,
843 4346 885 4396 79,
