3054 5046
742 539 902 599 ‚42-

348 673 451 734 Vetuit
463 675 564 734 forsan
572 674 736 753 imperator
746 672 827 753 quod
842 674 928 734 annis
940 671 1001 735 319
1014 674 1109 736 11311
1118 677 1182 756 J'am
1191 668 1335 756 vetuerat,

308 771 446 832 videlicet
467 791 506 832 ne
526 772 595 850 quis
611 771 749 852 privatim
773 776 803 832 et
824 780 937 859 secreto
957 791 1040 834 sacra
1059 775 1186 853 laceret,
1210 781 1240 837 et
1260 777 1337 838 intra

310 871 434 931 domurn
449 872 620 932 consuleret
636 872 826 952 haruspices,
846 891 903 934 nec
920 873 1002 933 aliud
1017 893 1054 934 ex
1068 855 1197 936 Eusebio
1211 875 1337 956 intelligi

309 973 406 1048 potest
426 987 497 1030 cum
521 970 642 1030 occulta
663 973 824 1050 sacrificia
843 977 872 1032 et
893 974 1016 1032 atrocia
1036 973 1198 1034 idolatriae
1218 976 1337 1035 scelera

309 1068 457 1147 prohibita
465 1067 558 1129 fuisse
566 1070 682 1130 asserit.
692 1069 909 1131 Mansittamen
919 1070 1110 1151 publicorum
1119 1073 1337 1135 sacrificiorum

309 1168 478 1228 communis
495 1167 629 1246 licentia,
645 1168 756 1229 mansit
776 1169 916 1248 publicus
932 1175 962 1229 et
981 1170 1124 1231 solemnis
1137 1172 1337 1252 haruspicinae

309 1283 401 1343 usus,
417 1266 545 1345 aliaque,
560 1285 628 1345 quae
642 1285 703 1326 non
717 1267 806 1328 modo
821 1268 902 1345 leges
917 1285 1009 1348 supra
1026 1275 1199 1330 memoratae
1214 1289 1275 1330 non
1288 1289 1337 1331 ve-

307 1365 427 1442 tabant,
443 1367 649 1426 verumetiam
661 1365 726 1427 fieri
737 1367 877 1427 veteride
892 1386 976 1427 more
991 1367 1212 1445 permittebant.

347 1461 434 1534 Quod
445 1463 470 1522 si
481 1464 641 1523 contendas
656 1483 715 1523 non
730 1481 817 1543 posse
832 1463 929 1541 colligi
940 1463 1024 1523 exiis
1034 1463 1169 1541 legibus,
1181 1463 1267 1524 annis
1277 1463 1337 1525 319

307 1558 399 1620 11311
412 1560 510 1637 editis,
523 1561 634 1639 quihus
645 1559 856 1620 Constantinus
865 1560 984 1639 publice
994 1560 1170 1638 religionem
1178 1562 1337 1622 exercendi

307 1663 481 1736 potestatem
499 1659 622 1738 paganis
639 1658 741 1735 dabat,
766 1676 838 1718 eum
861 1676 939 1717 anno
959 1657 1020 1716 324
1040 1657 1146 1718 eadem
1160 1657 1193 1716 in
1207 1677 1337 1736 paganos

306 1756 444 1816 facilitate
459 1775 550 1816 usum
564 1775 649 1833 esse,
670 1775 726 1816 nec
741 1754 808 1814 fieri
823 1774 909 1834 posse
923 1760 956 1814 ut
970 1755 1055 1815 nulla
1071 1755 1234 1816 Eusebiani
1247 1756 1333 1816 testi·

306 1854 399 1914 monii
411 1854 485 1914 ratio
493 1853 651 1930 habeatur,
664 1872 723 1932 quo
733 1854 946 1932 imperatorem
962 1854 1041 1913 tores
1053 1854 1237 1934 templorum
1248 1855 1332 1916 clau·

306 1950 395 2027 sisse,
412 1956 442 2011 et
455 1951 612 2011 sustulisse
627 1951 788 2011 simulacra
801 1951 988 2029 apertissime
999 1951 1150 2012 declarat:
1167 1953 1333 2031 responde·

305 2048 406 2108 bimus
419 2047 561 2109 eumdem
576 2049 743 2109 Eusebium
753 2048 817 2108 loco
831 2049 949 2125 eodem,
966 2055 995 2109 et
1009 2049 1131 2109 omnino
1140 2049 1228 2110 vetita
1239 2051 1332 2111 sacri·

306 2145 372 2206 ficia
383 2152 412 2206 et
420 2165 592 2206 concessam
603 2147 712 2225 cuique
722 2165 798 2226 quos
805 2147 933 2207 voluerit
942 2146 1018 2206 ritus
1028 2147 1174 2226 sequendi
1184 2147 1335 2214 licentiam

305 2243 397 2303 simul
407 2244 582 2323 complecti,
599 2263 655 2304 nec
664 2262 809 2324 apparere
822 2243 971 2322 quomodo
983 2261 1032 2304 res
1045 2245 1119 2304 adeo
1133 2243 1335 2305 dissociabiles

305 2341 424 2402 misceri
432 2349 626 2421 possent,nec
633 2341 890 2422 quemadmodum
898 2341 1055 2420 dijudicari
1064 2325 1334 2421 queat,exduohus

304 2441 459 2501 contrariis
468 2441 656 2518 testimoniis,
667 2442 726 2501 utri
735 2440 925 2520 potissimum
934 2440 1009 2500 fides
1018 2440 1056 2508 sit
1065 2440 1244 2501 adhihenda.
1256 2441 1334 2501 Cum

304 2539 394 2618 igitur
409 2540 446 2600 de
464 2540 560 2600 vetitis
581 2560 598 2600 a
616 2540 808 2600 Constantino
827 2538 954 2617 publicis
974 2557 1160 2618 paganorum
1178 2538 1333 2600 sacrificiis

304 2638 396 2698 codex
409 2638 634 2698 Theodosianus
653 2643 762 2714 taceat,
785 2655 841 2698 nec
859 2636 918 2696 sint
937 2636 1027 2696 unius
1041 2636 1153 2696 tenoris
1167 2636 1276 2697 tradita
1295 2635 1332 2696 ab

289 2719 434 2796 ⁸Eusebio
458 2735 641 2796 Constantini
665 2735 760 2794 edicta
780 2753 880 2815 neque
901 2733 980 2794 inter
1000 2751 1032 2793 se
1055 2733 1244 2810 conveniant,
1262 2733 1332 2812 jure

304 2833 441 2893 concludi
459 2851 546 2912 posse
569 2838 711 2911 putamus
732 2833 807 2893 nihil
829 2832 866 2892 de
888 2831 981 2892 veteri
1005 2831 1221 2904 consuetudine
1239 2830 1333 2891 fuisse

303 2935 375 2990 tunc
395 2930 539 3009 temporis
555 2935 721 3006 mutatum,
740 2934 770 2990 et
787 2929 902 2990 licitum
921 2929 1068 2989 mansisse
1088 2929 1168 3007 quod
1185 2928 1270 2988 nulla
1283 2925 1332 2988 lex

305 3028 493 3106 prohibuisse
503 3015 749 3107 deprehenditur.
845 3085 846 3089 ,

344 3125 411 3196 Qua
424 3125 456 3185 in
473 3143 506 3184 re
523 3143 583 3184 non
602 3125 804 3203 conjecturam
818 3130 933 3185 temere
954 3123 1122 3204 sequimur.
1146 3122 1232 3182 Idem
1250 3122 1332 3183 enim

304 3223 469 3300 Eusebius,
486 3223 517 3283 in
531 3243 565 3284 ea
579 3223 710 3283 oratione
724 3242 784 3303 qua
794 3224 863 3284 facit
879 3223 1107 3283 Constantinum
1122 3241 1213 3282 usum
1231 3241 1333 3282 coram

304 3321 482 3382 Sanctorum
493 3325 589 3397 coetu,
604 3320 816 3399 imperatorem
830 3320 931 3399 ipsum
945 3319 1060 3379 inducit
1070 3337 1200 3398 paganos
1210 3318 1242 3377 in
1251 3319 1333 3378 hunc

304 3419 429 3478 modum
442 3418 671 3497 compellantem
690 3437 696 3477 :
715 3438 731 3478 1
746 3418 790 3478 lte
806 3436 877 3496 ergo
891 3417 995 3496 impii,
1015 3417 1046 3476 id
1060 3417 1141 3476 enim
1154 3416 1238 3476 vohis
1251 3415 1329 3475 inte·

303 3536 394 3596 grum
407 3522 463 3594 est,
476 3521 505 3577 et
518 3516 668 3595 proposita
678 3515 855 3596 impunitate
866 3514 1008 3591 liberum,
1018 3514 1069 3591 ite,
1081 3520 1110 3575 et
1119 3515 1157 3574 ad
1166 3512 1332 3574 hostiarum

303 3614 415 3691 caedes,
430 3614 528 3693 adque
539 3614 813 3690 commissationes,
830 3613 1006 3692 testaqueet
1016 3613 1123 3692 pocula
1133 3611 1331 3690 vosmetipsos

304 3713 447 3790 conferte,
468 3712 585 3792 pietatis
603 3712 735 3792 speciem
761 3711 904 3791 professi3
922 3712 1088 3791 voluptates
1105 3709 1204 3788 colite,
1226 3714 1257 3770 et
1275 3707 1333 3768 sub

303 3812 378 3873 falso
393 3811 608 3872 sacrificiorum
622 3811 756 3887 obtentu,
768 3809 1006 3889 intemperantiae
1015 3815 1044 3870 et
1053 3807 1229 3870 libidinibus
1239 3806 1334 3867 inser·

303 3910 362 3970 vite
378 3908 434 3991 (1).
456 3929 472 3969 1)

336 4122 373 4186 (tl
390 4095 468 4170 intra
479 4109 509 4170 δὴ
522 4109 657 4175 torosam·
672 4111 764 4184 ἐφεῖται
776 4111 825 4184 γὰρ
841 4108 898 4184 ὑμῖν
913 4105 955 4166 διὰ
967 4111 1012 4167 τὴν
1027 4111 1182 4183 ἀτιμώρητον
1197 4107 1330 4182 ἁμαρτίαν,
1393 4164 1397 4176 ,

304 4214 344 4267 ἐπὶ
358 4214 404 4276 τὰς
418 4217 466 4264 τῶν
481 4211 572 4284 ἱερείων
584 4210 690 4282 σφαγὰς,
704 4209 786 4273 θοίνας
796 4227 823 4261 τε
834 4210 875 4261 καὶ
885 4207 970 4283 ἑορτὰς
979 4209 1020 4261 καὶ
1032 4207 1116 4283 μέθας,
1128 4204 1334 4280 προσποιούμενοι

303 4314 347 4389 μὲν
362 4311 542 4386 θρησκείαν...
559 4315 675 4384 (Enseu,
692 4317 794 4372 const..
808 4316 855 4366 Or.
867 4313 903 4366 od
917 4316 1004 4366 sanct.
1019 4315 1093 4374 cet„
1105 4309 1142 4377 x.)
