3054 5046
746 551 927 614 ..100-

246 707 253 714 ·
322 685 360 746 ad
386 685 585 766 episcopalem
609 685 783 765 dignitatem
808 685 970 766 designarit
989 689 1035 748 vel
1060 689 1216 769 promovit,
1240 692 1295 752 hos
1315 694 1352 754 de

323 784 394 844 sede
409 783 526 862 dejecit,
544 784 581 845 de
595 784 728 845 doctrina
741 786 805 864 ipsa
818 785 977 846 christiana
988 787 1132 865 cognovit,
1145 787 1252 848 Arium
1263 791 1351 850 modo

323 881 483 958 damnavit,
502 883 591 942 modo
611 882 734 943 absolvit
748 889 777 944 et
790 883 876 944 bonae
890 903 956 944 esse
971 885 1081 944 mentis
1096 885 1266 964 declaravit,
1280 889 1348 967 jus-

323 981 421 1060 sitque
434 986 467 1041 ut
481 981 513 1040 in
527 981 693 1042 Ecclesiam
717 983 912 1062 reciperetur,
934 983 1132 1044 Athanasium
1154 985 1234 1045 haud
1258 988 1351 1048 semel

323 1079 360 1140 ad
375 1098 407 1140 se
422 1079 585 1157 accessivit,
597 1080 751 1161 judicavit,
770 1080 807 1141 ab
821 1081 992 1160 episcopatu
1007 1082 1159 1142 demovit?

363 1175 451 1248 Quod
465 1183 499 1238 ut
512 1197 618 1238 verum
632 1197 698 1238 esse
711 1178 931 1255 contendimus
950 1179 989 1239 ita
1000 1179 1070 1258 jure
1085 1181 1197 1241 factum
1210 1201 1277 1244 esse
1291 1190 1350 1244 non

324 1275 465 1337 continno
478 1277 672 1339 arbitramur.

363 1373 402 1434 Et
415 1375 531 1454 agebat,
546 1381 580 1436 nt
593 1375 721 1454 videtur,
742 1363 911 1436 constanter
926 1377 978 1455 qui
1001 1394 1127 1438 suarum
1141 1396 1207 1438 esse
1220 1379 1349 1458 partium

323 1472 522 1551 existimabat,
534 1491 584 1534 eas
599 1493 659 1551 res,
671 1473 702 1533 in
715 1473 828 1552 quibus
842 1492 913 1552 erga
926 1492 1041 1534 numen
1055 1474 1190 1535 divinum
1205 1495 1347 1538 reveren-

323 1570 362 1630 tia
376 1571 555 1648 continetur,
568 1590 747 1651 componerc
761 1575 791 1630 et
803 1571 957 1646 ordinare3
974 1572 1027 1651 qui
1042 1572 1186 1652 episcopis
1201 1573 1350 1634 scribebat

322 1686 376 1747 per
391 1687 423 1729 se
443 1670 554 1729 multos
570 1670 770 1730 barbarorum
788 1669 966 1730 christianos
987 1670 1079 1730 iactos
1097 1689 1163 1731 esse
1184 1677 1214 1731 et
1232 1671 1265 1731 in
1286 1672 1350 1732 dies

323 1766 407 1842 fieri;
424 1768 476 1848 qui
491 1767 620 1829 Eusebio
642 1768 802 1829 mandabat
825 1774 859 1827 ut
882 1786 981 1828 sacros
999 1769 1115 1829 codices
1137 1769 1349 1831 describendos
1373 1809 1376 1815 -

323 1867 531 1945 parandosque
547 1873 676 1944 curaret,
693 1867 851 1947 quianam
866 1872 896 1926 et
909 1866 1046 1927 eamdem
1059 1867 1210 1946 religionis
1221 1870 1349 1929 formam

321 1963 352 2024 in
372 1964 513 2025 omnibns
535 1965 707 2043 regionibus
730 1963 787 2025 sub
808 1964 919 2024 ditione
942 1983 997 2025 sua
1017 1964 1131 2044 positis,
1152 1983 1215 2026 ase
1236 1966 1348 2027 institui

323 2079 410 2140 posse
425 2061 638 2137 somniaverat;
653 2062 705 2140 qui
718 2066 752 2121 nt
764 2061 950 2121 Moshemius
962 2062 1062 2138 tradit,
1085 2081 1141 2122 nec
1160 2063 1349 2141 acquiescere

322 2159 431 2236 ausim,
447 2179 503 2220 nec
520 2159 653 2237 infitiari,
670 2159 863 2220 christianam
876 2159 1042 2221 Ecclesiam
1056 2161 1093 2221 ad
1107 2179 1213 2221 novam
1232 2161 1347 2241 Reipu-

322 2254 408 2316 blicae
423 2257 551 2317 formam
565 2257 818 2334 accommodabat,
834 2275 985 2336 novosque
1004 2258 1153 2318 honorum
1167 2258 1279 2337 gradus
1299 2258 1346 2318 in·

321 2359 368 2414 ter
388 2355 542 2436 episcopos
561 2355 602 2415 ita
624 2354 807 2432 instituebat,
830 2360 864 2415 ut
887 2353 1018 2416 civilium
1036 2356 1186 2415 honorum
1207 2356 1349 2435 gradibus

322 2454 538 2533 responderent
551 2452 607 2536 (l).

280 2547 283 2553 ’
360 2551 455 2630 Leges
469 2545 559 2612 etiam
569 2557 598 2612 et
611 2551 835 2613 constitutiones
850 2557 880 2612 et
893 2551 1037 2631 rescripta
1050 2551 1240 2632 imperatoris
1251 2553 1345 2613 Cons-

319 2649 435 2726 tantini,
452 2649 489 2710 ab
512 2670 546 2710 eo
569 2650 774 2710 demonstrant
796 2669 841 2726 ea,
864 2668 932 2728 quae
949 2649 987 2710 ad
1001 2649 1168 2710 Ecclesiam
1186 2649 1344 2729 pertinent,

352 2899 384 2961 tt)
406 2917 419 2944 ι
436 2900 474 2950 Ad
495 2913 571 2966 quam
589 2913 681 2952 novam
701 2899 857 2964 Reipublicae
880 2899 1087 2951 constitutionem
1108 2913 1188 2964 quum
1207 2899 1347 2951 Ecclesiam

319 2990 387 3044 band
401 3006 451 3044 una
469 2992 502 3044 de
514 3005 590 3044 causa
605 2993 682 3044 vellet
696 2991 898 3056 accommodare,
914 3006 994 3044 novos
1018 2993 1094 3044 etiarn
1109 2993 1233 3044 honorum
1255 2993 1349 3056 gradus

318 3087 385 3136 inter
404 3086 539 3150 episcopos
559 3087 630 3140 nasei
648 3099 754 3138 necesse
776 3093 841 3138 erat.
861 3087 991 3152 Principes
1013 3087 1192 3150 episcoporum
1211 3094 1284 3137 erant
1305 3087 1350 3152 qui

319 3185 392 3232 antea
401 3181 453 3245 jam
468 3194 544 3246 snpra
557 3181 670 3246 reliquos
683 3182 811 3233 antistites
825 3181 996 3243 eminuerunt,
1010 3179 1150 3240 Romanus,
1166 3180 1348 3241 antiochenus,

320 3274 519 3338 alexandrinum
544 3275 652 3340 quibus,
677 3275 740 3327 sede
772 3275 932 3338 imperatoria
958 3273 1202 3338 Constantinopolim
1225 3274 1347 3326 translata

318 3369 613 3434 constantinopolitanus
625 3369 772 3421 accedebat.
793 3370 822 3419 lli
845 3369 971 3433 praelectis
984 3369 1098 3433 pretorio
1112 3373 1221 3432 quatuor
1239 3381 1253 3419 a
1269 3367 1348 3419 Cons-

318 3464 415 3515 tantino
429 3454 522 3515 creatis
535 3462 734 3528 respondebant,
751 3469 778 3514 et
792 3462 857 3514 torte
874 3463 988 3526 bociam
1003 3461 1091 3513 seculo
1107 3457 1348 3514 rotabulo'tudaico

319 3557 471 3609 Patriarcbae
490 3558 650 3610 dicebantur.
670 3558 722 3608 llos
736 3556 897 3620 excipiebant
912 3555 1021 3606 Exarclri
1041 3556 1084 3620 qui
1096 3555 1215 3606 civilibus
1229 3556 1347 3606 exarchis

318 3657 489 3714 patescant,
504 3652 671 3717 pluribusque
686 3651 823 3717 prouinciis
837 3651 965 3716 praepositi
990 3655 1072 3700 erant.
1088 3649 1207 3700 Proximo
1228 3649 1286 3702 loco
1301 3650 1349 3700 ir-

317 3744 472 3809 chiepiscopi
495 3751 568 3797 erant
586 3747 679 3811 quibus
700 3751 827 3797 tractuum
850 3743 1019 3810 quorumdam
1042 3745 1187 3808 procuratio
1212 3745 1347 3794 commissa

317 3847 382 3892 erat.
397 3842 494 3906 Agaron
515 3841 633 3905 Episcopi
648 3841 811 3902 claudebant,
828 3853 934 3904 quorum
954 3838 1018 3890 lines
1033 3851 1084 3889 non
1099 3849 1173 3902 aque
1187 3837 1237 3888 late
1252 3837 1348 3902 ubique

314 3934 444 4000 patebant.
460 3935 505 3985 liis
514 3933 716 3998 chorepiscopos
730 3933 860 3996 adderem,
873 3947 919 3984 seu
941 3939 1051 3984 coetnnrn
1064 3933 1089 3984 in
1107 3932 1176 3998 agris
1190 3942 1347 3982 commoran-

315 4028 378 4079 tium
392 4028 535 4092 praeteatos,
556 4028 606 4078 nisi
626 4029 717 4080 scirem
736 4028 864 4078 antistites
883 4025 1067 4092 amplificanda
1081 4025 1217 4091 potestatis
1231 4036 1285 4076 suaa
1298 4037 1346 4074 cn-

316 4121 398 4186 pinos,
411 4124 565 4188 providisse,
580 4128 610 4173 ut
624 4123 665 4173 hic
676 4121 740 4173 ordo
756 4121 884 4186 plerisque
898 4121 924 4171 in
937 4121 1002 4172 locis
1015 4119 1192 4185 abrogaretur.
1209 4135 1220 4166 r
1236 4119 1344 4178 (Mosa,

315 4219 383 4268 Iost.
399 4217 470 4267 Hist.
487 4217 557 4274 noct,
580 4230 604 4280 p.
631 4214 697 4281 tto.)
719 4215 837 4267 Socrates
854 4214 1023 4275 patriarchas,
1037 4214 1180 4276 imperante
1194 4200 1343 4262 Theodosio

316 4316 417 4362 creatos
431 4310 509 4362 inissa
520 4308 664 4376 significare
678 4309 789 4362 videtur.
806 4309 942 4370 (socnam,
958 4310 1028 4360 unt.
1044 4308 1117 4370 ccct,
1131 4317 1158 4366 r,
1174 4303 1211 4371 8.)
