3054 5046
733 575 913 636 „28-

317 706 461 786 Licinius,
478 714 599 788 rogante
622 710 803 789 Constantia,
818 710 1016 792 benignitera
1029 712 1220 774 Constantino
1234 733 1344 796 excep-

315 809 377 882 tus,
392 804 519 885 imperio
532 812 633 868 tamen
648 813 768 886 exutus,
784 810 857 870 etin
871 810 1020 889 privatum
1040 811 1178 872 ordinem
1195 813 1345 890 redactus,

316 921 394 963 anno
416 903 466 963 vix
484 905 595 984 elapso,
613 905 842 984 Thessalonicae,
858 907 1047 987 imperatoris
1058 909 1159 987 jussu,
1176 927 1236 988 quo
1253 911 1348 989 maJor
1409 949 1413 959 ·

316 1000 417 1062 forsan
427 1003 571 1063 securitas
584 1003 686 1064 victori
700 1005 786 1082 foret,
804 1006 932 1084 pervim
946 1025 1109 1086 oppressus
1123 1011 1152 1067 et
1161 1007 1348 1070 exanimatus

316 1103 376 1173 est;
401 1100 613 1180 christianique
637 1121 753 1178 omnes
778 1123 838 1164 uno
862 1108 957 1164 stante
980 1104 1070 1164 totius
1092 1104 1213 1184 imperii
1235 1104 1347 1167 arbitro

316 1195 520 1274 Constantino,
534 1199 593 1258 voti
607 1205 758 1278 compotes
769 1200 864 1261 fuere.

354 1293 421 1354 Jam
445 1296 644 1372 quaerendum
659 1315 698 1357 an
710 1316 781 1357 vere
805 1302 835 1357 et
858 1296 998 1358 historice
1013 1297 1224 1358 Constantinus
1247 1303 1346 1378 partes

314 1392 380 1469 has,
403 1410 535 1472 quarum
554 1394 754 1472 patrocinium
780 1415 852 1456 eum
874 1394 1042 1475 suscepisse
1065 1393 1215 1454 Eusebius
1236 1395 1344 1473 refert,

315 1489 493 1550 defenderit.
510 1489 628 1550 Scilicet
641 1510 738 1569 quum
755 1492 879 1553 adversa
895 1497 929 1551 ut
942 1492 982 1552 ita
1002 1491 1099 1552 dicam
1118 1491 1216 1551 fronte
1237 1490 1269 1551 in
1282 1492 1343 1550 im·

314 1587 408 1667 perio,
424 1588 511 1667 quasi
525 1589 584 1649 duo
599 1590 759 1668 exercitus,
783 1591 1017 1652 christianorum
1040 1590 1146 1650 militia
1167 1594 1197 1649 et
1210 1608 1343 1669 pagano·

314 1704 385 1746 rum
399 1687 494 1748 mrilto
507 1688 604 1767 major
613 1708 741 1749 numero
753 1695 875 1766 starent,
891 1689 952 1749 utri
961 1687 1172 1750 Constantinus
1181 1688 1346 1767 imperator

316 1783 454 1845 animum
466 1785 651 1864 adjunxerit3
667 1806 706 1848 au
718 1792 818 1848 vetera
837 1786 975 1849 omnium
988 1791 1069 1847 retro
1092 1785 1265 1865 principum
1279 1785 1344 1846 ins·

312 1882 399 1944 tituta
417 1884 629 1963 repudiaverit,
650 1891 680 1945 et
703 1886 811 1965 spretis
834 1885 953 1946 Summi
982 1883 1135 1945 Pontificis
1167 1883 1344 1962 honoribus,

312 1999 435 2041 omnem
448 2000 571 2060 operam
584 1982 616 2041 iu
630 1984 800 2060 evertenda,
815 1989 849 2044 ut
862 1983 957 2060 aiunt,
978 1981 1142 2060 gentilitate
1164 1986 1194 2042 et
1215 1980 1248 2040 in
1271 1999 1347 2042 nova

219 2092 221 2096 ’
311 2077 363 2140 illa
382 2097 475 2158 quam
489 2080 670 2160 suscepisset
687 2081 830 2160 religione
844 2080 963 2160 publice
978 2079 1162 2140 instituenda
1183 2078 1343 2159 impende-

312 2175 371 2237 rit‘r
384 2176 520 2257 Denique
530 2197 567 2239 au
578 2179 649 2257 jure
658 2185 689 2240 et
701 2179 809 2240 merito
823 2179 880 2239 dici
894 2179 988 2259 possit
1002 2177 1243 2254 Constantinum,
1258 2177 1344 2238 avitae

312 2272 464 2351 religionis
477 2274 673 2353 desertorem,
689 2276 766 2337 hanc
778 2276 886 2355 ipsam,
903 2278 1052 2355 quantum
1066 2273 1171 2353 potuit,
1187 2279 1221 2334 ut
1238 2273 1337 2334 chris·

311 2371 427 2433 danum
441 2373 564 2434 forsitan
578 2374 711 2452 decebat,
726 2380 757 2435 et
769 2380 804 2435 ut
817 2372 1017 2435 Ecclesiastici
1029 2373 1152 2433 tradunt
1165 2372 1337 2452 scriptores,

311 2468 512 2549 prohibuisse.
548 2470 730 2548 Lactantius
758 2471 784 2531 si
812 2489 946 2551 paganus
973 2469 1144 2546 exstitisset,
1170 2468 1338 2530 Constanti-

311 2584 426 2626 numne
448 2566 527 2627 inter
553 2575 765 2648 persecutores
790 2587 853 2628 suae
881 2567 1033 2646 religionis
1058 2566 1203 2646 potuisset
1230 2585 1340 2627 nume·

311 2663 402 2726 rare?

350 2761 487 2824 Zosimus
505 2768 607 2825 narrat
630 2763 860 2825 Constantinum
874 2781 892 2824 a
905 2761 999 2823 veteri
1021 2761 1105 2822 cultu
1126 2779 1187 2820 non
1205 2759 1264 2820 nisi
1277 2763 1343 2840 post

310 2861 501 2922 interfectum
516 2861 658 2941 Crispum
673 2860 842 2939 descivisse,
859 2860 1000 2938 additque
1015 2877 1087 2919 eum
1107 2857 1145 2918 ad
1163 2856 1339 2918 christianos

311 2958 470 3020 deflexisse
483 2958 571 3035 ritus,
584 2959 676 3038 quod,
693 2977 764 3018 cum
778 2958 853 3018 tanti
867 2957 989 3018 sceleris
1003 2953 1142 3035 expiandi
1151 2954 1230 3014 viam
1243 2952 1342 3033 inqui·

311 3059 402 3132 reret,
418 3055 481 3115 suis
495 3055 649 3134 christiani
662 3054 799 3116 doctores
811 3055 843 3114 id
857 3055 944 3116 facile
958 3052 1026 3114 sieri
1041 3071 1127 3131 posse
1149 3049 1342 3112 sacramentis

255 3212 258 3218 .
311 3159 526 3215 asseverarent.

350 3253 459 3315 Sextus
475 3254 619 3316 Aurelius
631 3254 733 3315 Victor
746 3260 813 3334 post
827 3253 926 3334 Crispi
946 3251 1029 3313 necis
1048 3250 1232 3312 mentionem
1246 3250 1341 3311 Cons-

310 3354 459 3416 tantinum
472 3355 562 3416 etiam
575 3354 676 3432 tradit,
692 3374 779 3416 nona
793 3357 876 3416 cultu
889 3355 1041 3434 majorum
1055 3351 1210 3428 defecisse,
1228 3351 1281 3412 sed
1295 3349 1341 3411 ni·

310 3452 369 3513 mis
391 3452 531 3531 ambigue
550 3454 765 3531 «formandis
786 3452 994 3530 religionibus
1009 3452 1170 3528 ingentem
1190 3449 1340 3508 animam

311 3553 488 3612 avocavisse
501 3549 578 3632 (1)»
601 3550 737 3630 Denique
761 3550 905 3612 Libanius
927 3550 960 3609 in
983 3567 1018 3609 ea
1039 3565 1132 3626 quam
1147 3544 1266 3624 scripsit
1286 3563 1341 3624 pro

309 3649 431 3728 templis
453 3648 596 3727 oratione,
623 3648 852 3709 Constantinum
875 3647 1006 3708 declarat
1029 3648 1096 3725 post
1121 3642 1234 3703 victum
1261 3639 1340 3701 Lici-

311 3746 397 3806 nium
411 3752 487 3806 tuac
499 3747 628 3807 demam
638 3746 699 3806 sibi
710 3746 786 3806 barae
796 3747 866 3823 sore
872 3745 1036 3822 putavisse
1049 3742 1077 3802 si
1088 3740 1226 3801 alterata
1236 3737 1338 3800 Deam

311 3845 439 3906 haberet
452 3842 508 3926 (2).
1171 3857 1174 3861 ·

350 3943 491 4006 Primum
508 3942 600 4022 igitur
621 3941 862 4005 examinabimus
882 3959 943 4022 quo
961 3959 994 4002 se
1015 3936 1228 4000 Constantinus
1252 3934 1341 3996 modo

345 4157 380 4223 (t)
398 4161 490 4209 sextus
502 4158 600 4209 lunai.
616 4157 700 4220 vica,
715 4161 753 4209 De
768 4157 985 4213 cesaristam.

346 4256 381 4325 (il
399 4234 563 4324 iipaodpaoc
575 4251 643 4321 αὐτῷ
656 4243 788 4304 λυσιτελεῖν
803 4246 883 4322 ἔτερόν
901 4267 957 4302 τινα
970 4246 1077 4322 νομίζειν
1094 4241 1157 4299 θεόν.
1177 4249 1288 4317 (liam,
1304 4251 1342 4300 De

315 4342 438 4405 raupta,
452 4339 521 4406 tuit.)
