3054 5046
201 642 282 718 Quid
310 650 412 712 autem
444 645 540 723 magis
570 644 678 706 rationi
700 645 913 726 sapientiaeque
939 651 1186 727 consentaneum,

160 761 253 822 quam
266 743 347 822 quod
357 747 453 822 pater,
468 742 548 804 salva
564 741 715 821 dignitate,
734 748 763 804 et
779 744 955 806 florentibus
970 745 1074 808 Galliis
1088 765 1193 808 susce-

158 846 254 921 perat,
269 840 499 910 Constantinum
512 839 594 901 idem
610 841 727 916 facere;
746 842 827 920 quod
840 841 872 901 in
886 842 970 905 Italia
984 845 1014 904 et
1025 843 1058 904 in
1068 843 1190 906 Oriente

159 938 278 1018 tyranni
292 957 363 998 cum
377 938 473 998 multa
489 937 641 1017 potestatis
654 937 826 1018 viriumque
836 938 954 1019 jactura
967 941 1080 1002 frustra
1090 946 1188 1004 tenta·

161 1041 276 1114 verant,
292 1037 395 1113 abhoc
408 1036 551 1098 eumdem
564 1035 746 1111 abhorrere;
761 1037 843 1116 quod
856 1038 962 1099 sedare
973 1039 1089 1117 turbae,
1103 1058 1188 1102 com·

161 1151 273 1212 ponere
283 1133 410 1212 animm,
422 1152 471 1194 res
481 1133 594 1213 ubique
610 1151 735 1213 quassas
748 1152 889 1213 reparare
902 1140 1017 1214 poterat
1030 1137 1088 1198 hoe
1100 1137 1191 1198 etiam

160 1231 311 1311 amplecti.

200 1329 256 1390 His
276 1335 310 1390 ut
323 1329 428 1411 opinor
449 1329 559 1407 causis,
576 1329 788 1391 Constantinus
807 1349 929 1393 crucem
948 1336 982 1392 ut
1000 1332 1147 1396 libertatis
1160 1338 1190 1394 et

166 1427 331 1492 concordiae
352 1427 563 1506 potiusquam
584 1426 735 1487 manifesti
755 1426 787 1488 in
811 1427 977 1490 doctrinam
1001 1428 1192 1491 christianam

163 1524 254 1604 studii
269 1524 415 1585 indicium
429 1543 491 1604 prae
507 1543 539 1585 se
552 1524 631 1585 tulit.

199 1623 284 1683 Victo
292 1622 330 1682 ad
340 1622 466 1682 Pontem
473 1620 610 1682 Milvium
621 1626 800 1700 mortuoque
807 1621 967 1700 Maxentio,
978 1623 1192 1684 Constantinus

162 1719 267 1782 multis
280 1719 513 1782 acclamantibus
535 1719 664 1780 Romam
686 1739 776 1780 ovans
800 1719 928 1798 introiit,
946 1726 976 1783 et
996 1721 1130 1799 omissis,
1153 1740 1193 1782 an

163 1840 198 1882 ex
209 1819 357 1881 industria
366 1818 516 1878 incertum
529 1823 584 1895 est,
596 1817 643 1878 his
654 1817 847 1895 coerimoniiS,
861 1819 972 1897 quibus
982 1825 1048 1901 post
1056 1820 1194 1882 victorias

163 1919 315 2000 principes
329 1917 366 1979 de
381 1916 438 1976 diis
452 1935 484 1976 se
498 1916 575 2000 bene
589 1915 738 1977 meruisse
753 1916 922 1995 significare
936 1918 1083 1996 solebant,
1099 1918 1194 1979 Sena-

162 2018 206 2078 tui
220 2035 343 2088 morum
360 2015 547 2095 simplicitate
560 2020 589 2075 et
601 2013 679 2074 comi
693 2014 838 2094 alloqui03
854 2016 965 2095 optimo
979 2016 1087 2096 cuique
1102 2017 1195 2079 fracta

163 2116 191 2177 ri
206 2113 416 2195 praetoriarum
430 2111 609 2189 cohortium,
625 2130 757 2192 quarum
770 2131 863 2192 penes
873 2114 1031 2175 arbitrium
1046 2115 1147 2176 omnia
1163 2115 1195 2176 in
1234 2193 1241 2204 .

164 2212 252 2290 urbe,
267 2211 434 2290 imperante
447 2208 595 2270 Maxentio
613 2213 708 2286 erant,
727 2214 757 2269 et
773 2209 806 2270 in
823 2209 929 2289 primis
946 2211 1064 2272 sublata
1078 2211 1192 2273 delato-

164 2329 235 2371 rum
249 2314 348 2390 peste;
363 2307 444 2388 plebi
457 2307 604 2368 universae
615 2312 699 2367 sueta
712 2305 855 2368 ludorum
871 2327 979 2388 pompa
989 2314 1018 2369 et
1028 2308 1195 2387 magnificis

160 2405 374 2488 'largitionibus
388 2404 537 2466 satisfecit.
552 2404 654 2466 Statua
662 2409 696 2465 ut
705 2424 771 2466 mos
784 2411 848 2466 erat
862 2411 891 2467 et
900 2406 1092 2486 triumphalis
1106 2425 1195 2468 arcus

163 2503 268 2564 victori
281 2504 387 2564 dicata.
397 2501 510 2579 Statua,
526 2506 561 2561 ut
571 2502 664 2562 refert
676 2503 838 2580 Eusebius,
854 2503 958 2566 dextra
972 2522 1065 2564 manu
1078 2506 1195 2566 hastam

165 2601 197 2662 in
215 2601 315 2662 crucis
334 2600 465 2680 speciem
487 2601 595 2661 factam
614 2599 751 2678 gerebat,
777 2600 953 2679 ambiguum
977 2601 1108 2678 signum.
1132 2598 1197 2662 Nec

165 2699 268 2763 minus
284 2717 394 2778 anceps
412 2696 493 2777 quod
509 2697 541 2758 in
559 2697 652 2776 hujus
669 2701 774 2758 statuae
787 2698 852 2759 basi
872 2698 1117 2760 subscribebatur
1136 2697 1193 2780 (1).

166 2797 265 2858 Arcus
281 2795 491 2876 triumphalis,
517 2793 570 2874 qui
593 2813 675 2854 nuno
695 2795 785 2856 etiam
806 2796 910 2856 Romae.
930 2799 1047 2872 manet,
1067 2799 1196 2876 propere

166 2894 333 2956 edificatus
347 2898 377 2954 et
391 2891 521 2971 dereptis
535 2910 573 2952 ex
585 2910 658 2952 arcu
671 2890 792 2971 Trajani
805 2893 1000 2971 ornamentis
1014 2898 1081 2953 turn
1095 2893 1197 2954 multi-

166 2992 235 3073 plici
247 2991 386 3069 artifrcio,
402 2997 469 3051 tmn
477 2989 680 3069 inscriptione,
696 2990 795 3050 nescio
806 2990 880 3071 quid
894 2990 1084 3052 dubitationis
1094 2991 1194 3055 omni·

166 3089 223 3155 bus
233 3096 264 3152 et
276 3090 335 3172 ipsi
353 3088 482 3172 principi
495 3087 595 3150 inesse
605 3087 642 3148 de
656 3085 863 3168 religionibus,
878 3090 1051 3152 testabatur.

372 3257 439 3302 IMP.
456 3255 542 3302 chus.
559 3257 608 3301 FL.
625 3254 846 3302 CONSTANTINO.
861 3256 992 3304 MAXIMO.
1023 3293 1025 3298 .

447 3355 478 3399 P.
502 3355 531 3398 F.
555 3353 704 3400 AVGVSTO.
725 3353 752 3398 S.
775 3355 805 3398 P.
829 3355 859 3408 Q.
883 3355 916 3400 R.

335 3448 429 3505 QUOD.
464 3451 633 3498 INSTINCTV.
669 3451 865 3512 DIVINITITIS.
903 3451 1026 3497 MENTIS.

381 3549 603 3595 MAGNITVDINE.
627 3549 700 3596 CVM.
724 3548 888 3594 EXERCITV.
910 3547 977 3594 SVO.
1058 3548 1083 3588 O

296 3649 368 3694 TAM.
399 3649 452 3692 DE.
481 3647 634 3692 TYRANNO.
665 3648 759 3700 QVAM.
789 3647 841 3692 DE.
873 3647 959 3692 OMNI.
990 3647 1071 3694 EIVS.

408 3745 570 3791 EAGTIONE.
587 3744 660 3790 VNO.
677 3745 838 3790 TEMPORE.
852 3744 959 3789 IVSTIS.

388 3844 620 3890 REMPVBLICAM.
643 3844 750 3889 VLTVS.
777 3843 843 3888 EST.
871 3842 977 3887 ARMIS.

354 3945 469 3991 allatu.
492 3942 672 3990 TRIVMPHIS.
695 3943 856 3990 INSIGNEM.
880 3943 1014 4024 PICAVIT.
1090 3963 1092 3968 v

204 4099 238 4190 (lt
256 4123 366 4185 flustra„
382 4124 452 4173 Htst.
467 4124 565 4184 melea,
580 4133 615 4182 rx,
630 4123 655 4174 8.
674 4149 705 4160 -
720 4123 835 4172 lacertus
847 4121 1015 4185 panegyricus
1028 4119 1115 4169 datum
1128 4131 1142 4170 a
1156 4132 1202 4170 se-

172 4214 234 4257 natu
247 4207 415 4258 Constantino
429 4209 530 4272 stguum
550 4207 629 4258 refert
649 4213 770 4272 tanquam
788 4207 841 4256 Deo
856 4205 950 4256 alicui:
968 4223 981 4252 α
996 4205 1111 4257 Debetur
1130 4206 1203 4256 enim

173 4291 316 4344 divinitatt
327 4295 351 4344 et
365 4293 542 4360 rimamarum
556 4303 680 4344 auream
697 4311 709 4336 υ
726 4293 870 4357 (Peneum.
892 4291 957 4347 Vct..
972 4303 999 4353 p.
1015 4284 1085 4351 240.)
