3054 5046
791 573 952 637 ..68-

356 709 560 790 pertinaciam,
575 708 772 789 proconsulis,
789 710 815 770 si
827 729 904 792 opus
917 717 1006 791 esset,
1023 731 1147 794 operam
1160 717 1190 774 31
1207 712 1268 775 vim
1293 715 1382 777 adhi-

355 807 441 869 beret
453 805 509 890 (1)

394 907 464 968 Mox
475 911 578 968 autem
590 903 745 968 abeodem
757 907 889 968 Anulino
902 907 987 970 missi
1001 909 1040 971 ad
1051 911 1280 973 Constantinum
1290 912 1385 973 libelli

352 1011 487 1085 luerunt,
496 1005 753 1086 quibusMajorini
761 1012 791 1068 31
799 1007 1085 1088 Donatisectatores,
1094 1011 1147 1090 qui
1157 1016 1186 1071 et
1194 1010 1328 1071 ecclesiae
1339 1031 1387 1072 ca-

352 1105 470 1167 tholioae
479 1123 590 1165 nomen
598 1103 654 1164 sibi
663 1103 863 1181 vindicabant,
876 1105 1109 1167 Caecilianumin
1119 1108 1235 1168 crimen
1243 1109 1386 1170 vocabant

352 1210 387 1267 ut
401 1225 461 1265 non
474 1204 614 1281 3113,313
627 1203 782 1263 traditore
802 1203 932 1264 electum
943 1225 951 1279 ;
966 1209 996 1265 31
1009 1205 1223 1287 imperatorem
1238 1208 1386 1286 rogabant

350 1310 395 1382 ut,
409 1304 470 1364 litis
484 1303 661 1364 dirimendae
675 1321 776 1380 causa,
789 1301 908 1381 judices
922 1304 1059 1384 utrisque
1080 1305 1215 1385 partibus
1236 1306 1273 1366 de
1289 1306 1385 1368 Gallia

351 1402 416 1464 dari
431 1401 606 1483 praeciperet
625 1399 681 1483 (2).
703 1400 833 1480 Accepta
852 1402 1059 1481 provocatione
1078 1403 1241 1484 imperator
1260 1423 1385 1466 causam

348 1501 498 1580 integram
511 1499 549 1559 3(1
567 1497 732 1560 Miltiadem
747 1499 831 1560 urhis
850 1500 955 1561 Romae
979 1501 1154 1581 episcopum
1178 1508 1207 1563 et
1229 1509 1292 1563 tres
1313 1504 1386 1564 alios

349 1598 460 1659 deterri
471 1597 571 1677 jussit.
587 1597 714 1657 Videtur
726 1597 758 1656 in
765 1597 832 1675 hac,
842 1617 935 1678 quam
949 1600 986 1659 de
999 1599 1052 1660 illa
1065 1600 1252 1661 contentione
1263 1601 1301 1661 ad
1312 1601 1382 1661 Mil-

346 1696 459 1756 tiadem
471 1695 554 1754 misit
573 1694 697 1774 epistola
718 1693 942 1772 Constantinus
966 1696 1003 1756 ad
1025 1697 1234 1776 magistratum
1248 1698 1384 1779 aliquem

349 1793 408 1855 sibi
424 1793 580 1854 subditum
594 1791 738 1870 scribere,
763 1812 819 1853 nec
842 1793 997 1872 insigniori
1014 1813 1108 1874 quam
1127 1796 1297 1856 Anulinum
1312 1815 1384 1876 pro-

348 1893 504 1953 consulem
516 1891 603 1951 111313
618 1891 711 1950 allicit
729 1889 793 1972 (3);
808 1912 866 1952 nec
879 1894 966 1953 aliter
979 1893 1117 1954 Pontifex
1136 1894 1286 1956 Maximus
1307 1916 1388 1975 pon-.

349 1989 424 2049 tifici
445 1989 596 2058 inferioris
627 1993 704 2048 notae
726 1989 866 2051 mandata
889 1990 961 2051 dare
985 1998 1189 2053 consueverat.
1216 1991 1280 2053 Sibi
1303 1993 1386 2053 enim

350 2087 569 2168 permolestum
591 2106 657 2147 esse
672 2087 754 2165 dicit,
768 2088 801 2148 in
814 2089 861 2148 his
877 2090 1036 2168 provinciis
1059 2109 1134 2169 (1333
1158 2091 1255 2153 divina
1276 2093 1383 2153 Provi-

350 2185 450 2246 dentia
473 2184 520 2245 sui
530 2185 609 2264 juris
623 2185 703 2263 fecit,
720 2192 749 2245 et
763 2186 795 2246 in
809 2186 922 2266 quibus
936 2193 982 2247 est
994 2189 1126 2250 maxima
1148 2190 1251 2269 populi
1275 2191 1383 2250 multi-

349 2281 434 2359 tudo,
449 2281 569 2363 plebem
584 2282 670 2362 quasi
688 2282 720 2342 in
741 2283 815 2343 (1333
830 2290 930 2363 partes
953 2285 1078 2346 divisam
1101 2287 1139 2348 ad
1160 2287 1309 2348 deteriora
1329 2287 1384 2348 de-

350 2381 482 2458 flectere,
499 2386 529 2440 et
542 2380 695 2460 episcopos
710 2381 788 2442 inter
802 2400 834 2442 33
849 2380 1018 2444 dissentire.
1034 2383 1187 2445 Placuisse
1209 2385 1302 2464 igitur
1316 2385 1384 2463 sibi,

352 2483 386 2538 ut
399 2479 577 2539 Caecilianus
589 2498 651 2540 una
664 2498 735 2540 cum
756 2480 861 2541 decem
882 2481 1029 2561 episcopis
1050 2483 1103 2562 qui
1123 2502 1263 2545 accusare
1284 2485 1386 2564 ipsum

352 2576 503 2654 videntur,
519 2584 549 2639 et
564 2595 635 2641 cum
650 2577 755 2639 decem
768 2579 924 2658 3111331333
937 2580 1001 2659 ipse
1023 2581 1061 2641 ad
1084 2566 1171 2642 suam
1186 2601 1309 2643 causam
1329 2585 1383 2644 de-

351 2675 532 2736 fendendam
556 2676 741 2737 necessarios
764 2695 830 2737 esse
850 2676 1039 2756 judicaverit,
1055 2678 1184 2739 Romam
1205 2680 1250 2740 ire
1274 2701 1384 2760 prope·
1450 2687 1452 2689 ’

352 2780 435 2835 ret...
452 2794 484 2836 se
496 2775 623 2854 insuper
636 2793 757 2836 curasse
778 2781 812 2836 ut
834 2775 972 2854 exempla
994 2775 1168 2837 libellorum
1191 2777 1228 2838 ab
1252 2777 1385 2838 Anulino

355 2873 519 2934 missorum
533 2872 640 2934 litteris
658 2873 722 2933 suis
737 2872 872 2952 subjecta
885 2874 923 2934 ad
934 2873 1062 2952 collegas
1075 2873 1215 2936 Miltiadis
1227 2877 1384 2936 transmit-

353 2977 465 3033 tantur.
482 2971 596 3032 Deinde
610 2970 728 3050 adjicit:
744 2991 759 3031 (
776 2970 887 3050 quibus
907 2971 1045 3051 perlectis
1062 2974 1227 3053 perpendet
1243 2976 1386 3052 pravitas

354 3076 458 3132 uestra
478 3089 609 3150 quonam
632 3070 721 3130 modo
742 3070 941 3130 controversia
961 3069 1012 3130 illa
1036 3089 1128 3150 quarn
1142 3091 1233 3152 supra
1254 3072 1386 3134 diximus

387 3258 422 3325 (t)
443 3277 454 3306 ι(
473 3259 561 3323 itaque
575 3259 676 3322 siquos
690 3258 777 3321 ejusce
792 3257 862 3308 modi
875 3258 992 3309 homines
1002 3259 1027 3308 iu
1040 3259 1086 3310 hac
1098 3261 1206 3310 amentia
1219 3273 1385 3325 perseverare

355 3343 529 3408 conspexeris,
546 3342 643 3406 absque
656 3341 707 3391 ((113
721 3341 881 3392 haesitatione
901 3343 1062 3406 supradictos
1081 3344 1182 3407 judicos
1195 3343 1293 3406 adibis;
1310 3346 1387 3410 idque

356 3429 419 3493 ipsis
433 3426 539 3484 referas,
554 3432 583 3476 ut
596 3425 623 3475 iu
638 3425 693 3488 eos,
709 3425 923 3488 quemadmodum
945 3427 1008 3490 ipsis
1022 3439 1106 3478 coram
1128 3429 1254 3490 mandavi,
1270 3417 1386 3481 33111311-

356 3517 464 3563 vertant.
480 3510 576 3575 (Const.
589 3509 664 3573 epist.
675 3511 707 3559 ad
721 3507 904 3574 cecilianum.)

390 3595 425 3659 11)
445 3614 458 3641 «
475 3595 614 3646 ’1333331131
627 3595 729 3646 libellos
739 3594 813 3657 duos,
825 3608 904 3644 unum
915 3595 940 3643 iu
952 3594 1020 3646 31313
1032 3597 1233 3661 suprascriptum
1245 3599 1297 3648 itu:
1311 3599 1387 3649 libel-

355 3681 397 3732 lus
411 3681 533 3731 Ecclesiae
547 3679 678 3730 catholicae
691 3679 826 3729 criminum
850 3679 985 3739 Caeciliani,
1010 3681 1120 3732 traditus
1138 3695 1152 3732 3
1167 3688 1240 3746 parte
1259 3681 1385 3747 Majorini.

357 3767 420 3818 item
430 3766 507 3817 alium
521 3767 577 3816 sine
592 3765 702 3829 sigilio„
713 3800 737 3815 ..
756 3764 791 3830 (8.
808 3765 932 3824 133333,
946 3778 988 3828 ep.
1003 3765 1057 3830 88)
1167 3821 1168 3824 ,

392 3873 405 3900 «
422 3854 599 3919 linguonum,
615 3865 630 3903 3
645 3851 809 3904 constantiae
827 3863 926 3901 summe
941 3853 1090 3915 imperator,
1111 3853 1230 3916 quoniam
1246 3853 1386 3920 degenere

353 3939 424 4002 iusto
446 3951 484 3998 es,
506 3938 579 4002 cujus
604 3943 675 3999 pater
697 3938 763 3985 inter
788 3943 895 3985 caeteros
916 3935 1085 3998 imperatores
1107 3938 1311 3999 persecutionem
1335 3953 1386 3990 nou

356 4024 486 4084 eratenim
502 4029 529 4074 31
542 4023 574 4072 31)
590 4021 637 4072 hoo
651 4022 762 4072 facinore
783 4021 904 4070 immunis
917 4028 958 4070 est
981 4021 1079 4072 Gallia:
1103 4035 1161 4072 nam
1184 4022 1305 4074 intirim
1319 4024 1387 4076 inter

356 4123 403 4162 nos
413 4116 439 4160 et
452 4115 559 4159 caeteros
572 4109 707 4170 episcopos
721 4107 898 4156 contentiones
917 4113 994 4156 sunt:
1015 4107 1125 4169 petimus
1137 4114 1165 4156 ut
1177 4108 1209 4158 do
1221 4108 1301 4160 Gallia
1311 4111 1387 4161 nobis

352 4197 455 4261 judices
468 4193 523 4244 (33
535 4192 664 4256 precipiat
675 4192 755 4255 prens
768 4198 821 4240 tua.
835 4210 848 4236 »
865 4190 969 4257 (optat.
984 4192 1090 4248 3333..
1106 4190 1135 4255 1.)
1325 4171 1334 4192 ⁰

334 4276 339 4286 '
387 4281 424 4348 (5)
443 4279 573 4330 Constant.
588 4277 665 4342 epist.
680 4277 713 4328 ad
735 4275 870 4328 Miltiadem
886 4274 999 4340 episcop.
1015 4277 1076 4327 urb.
1088 4275 1162 4329 Rom.
1179 4275 1296 4342 (Esses,
1311 4280 1384 4330 Hist.

353 4366 426 4421 3331..
438 4375 466 4428 x,
481 4359 520 4430 5.)
552 4372 555 4382 ·
