3054 5046
759 558 940 620 ..100...

334 691 462 768 facilius,
485 691 651 752 multorum
674 709 799 754 assensu
814 693 920 772 fretus,
946 713 1050 774 pacem
1074 695 1244 757 animorum
1266 697 1363 758 conci-

336 788 397 850 liet.

373 887 440 947 lam
455 892 558 946 utrum
573 887 727 968 episcopos
745 887 970 968 Constantiana,
985 890 1116 952 adbibita
1134 893 1310 971 reverentia,
1330 901 1364 956 ut

334 983 424 1044 tradit
433 983 595 1062 Eusebius,
609 984 786 1062 invitaverit,
801 1005 839 1046 an
851 985 1042 1065 imperaturis
1051 988 1199 1066 acciverit,
1214 989 1287 1068 quid
1300 995 1364 1051 tan-

334 1082 404 1142 dem
412 1082 524 1142 refert?
534 1082 652 1143 Tritum
660 1101 719 1144 usu
727 1084 880 1144 communi
889 1085 1017 1147 verbum
1024 1091 1070 1146 est
1077 1092 1265 1166 potestatem,
1273 1088 1363 1148 etiam

334 1200 405 1241 cum
418 1181 576 1261 supplicet,
595 1201 711 1261 cogere.
727 1183 767 1242 Al
783 1183 865 1243 enim
879 1174 1050 1244 Alexander
1064 1186 1222 1265 episcopus
1236 1187 1364 1248 Alexan-

333 1279 440 1339 drinus
453 1279 491 1340 ad
505 1279 690 1358 sylvestrum
710 1281 882 1341 Romanum
903 1281 1080 1342 Pontificem
1097 1283 1211 1345 litteras
1228 1285 1362 1362 miserat,

332 1376 443 1456 quibus
457 1397 489 1438 se
503 1377 611 1438 Arium
631 1384 661 1438 et
675 1379 836 1439 nonnullos
855 1380 922 1458 ejus
943 1379 1076 1442 fautores
1096 1400 1134 1442 ex
1152 1382 1278 1444 ecclesia
1297 1385 1361 1463 eje·

333 1476 409 1536 cisse
432 1477 618 1556 significabat
637 1475 693 1558 (l).
720 1476 800 1548 Quid
826 1477 947 1556 postea?
970 1478 1054 1538 Num
1082 1499 1119 1540 ex
1148 1480 1204 1541 hoc
1228 1481 1364 1561 sequitur

334 1574 563 1636 Constantinum
578 1574 722 1635 adversus
733 1575 873 1634 eumdem
890 1575 1063 1654 pontificem
1076 1595 1111 1637 eo
1128 1596 1220 1637 usum
1234 1595 1300 1638 esse
1314 1577 1365 1638 ob-

333 1672 448 1752 sequio,
463 1677 497 1732 ut
510 1672 547 1732 ab
560 1691 595 1732 eo
605 1677 730 1751 peteret,
742 1673 840 1734 utsibi
850 1673 1011 1733 concilium
1021 1693 1182 1736 convocare
1192 1675 1306 1753 liceret,
1318 1677 1363 1736 vel

333 1789 404 1830 eum
417 1770 603 1846 admoneret,
619 1788 651 1830 se
661 1770 775 1848 judice,
791 1776 821 1830 et
834 1770 916 1849 pacis
930 1777 960 1830 et
972 1771 1016 1831 rei
1027 1772 1196 1832 christianae
1207 1772 1362 1851 interesse,

334 1868 360 1928 si
370 1867 575 1954 conciliumab
590 1887 625 1928 eo
640 1873 807 1947 cogeretur.
817 1868 885 1928 Non
895 1869 1037 1948 equidem
1047 1875 1130 1948 puto,
1140 1889 1196 1932 nec
1208 1871 1267 1931 tale
1276 1871 1365 1950 quid-

335 1985 427 2046 quam
439 1985 456 2026 a
471 1965 577 2026 coaevis
591 1965 786 2044 scriptoribus
799 1965 939 2044 traditur,
951 1973 980 2028 et
994 1967 1023 2027 id
1038 1967 1220 2047 obsequium
1231 1968 1268 2028 ab
1278 1969 1363 2048 inge-

335 2064 385 2124 nio
403 2063 587 2125 Constantini
601 2069 681 2123 certe
695 2063 913 2124 alienissimum
926 2070 1000 2126 erat.
1013 2065 1099 2126 Unus
1113 2065 1325 2126 Constantinus
1338 2073 1367 2127 et

335 2162 594 2223 convocandorum
603 2161 813 2241 cpiscoporum
823 2162 982 2223 consilium
992 2163 1068 2240 iniit,
1081 2169 1110 2224 et
1123 2182 1174 2224 eos
1187 2164 1363 2225 convocavit.

375 2263 512 2324 Pontifex
528 2261 618 2324 etiam
626 2262 779 2324 Maximus
793 2263 819 2323 is
833 2263 996 2343 imperator
1009 2265 1061 2344 qui
1070 2264 1179 2326 Nicaeae
1193 2265 1366 2326 sedentibus

337 2360 484 2440 episcopis
498 2366 528 2421 et
541 2359 787 2438 deliberantibus,
802 2360 872 2421 licet
886 2361 1121 2440 theologicarum
1142 2381 1245 2423 rerum
1267 2362 1364 2442 impe-

338 2459 425 2535 ritus,
449 2457 552 2520 aderat
564 2464 594 2518 et
607 2463 744 2538 praeerat.

376 2554 443 2614 Non
464 2555 654 2616 mediocriter
674 2553 777 2615 dubito
791 2574 831 2615 an
846 2554 1059 2615 Constantinus
1080 2557 1160 2634 vagis
1182 2557 1366 2636 incertisque

274 2635 275 2642 ἵ
336 2653 548 2714 disserentium
563 2652 715 2714 mentibus
729 2653 815 2732 quasi
831 2654 927 2714 facem
941 2671 1058 2714 sacram
1067 2654 1245 2732 praetulerit,
1260 2653 1366 2714 induc-

337 2755 427 2829 toque
448 2750 591 2811 vocabulo
613 2749 887 2826 consubstantiali,
905 2751 968 2810 fere
982 2770 1088 2811 omnes
1108 2750 1146 2811 ad
1176 2752 1365 2812 concordiam

338 2847 515 2908 traduxerit.
533 2848 620 2909 Certe
634 2848 660 2907 is
675 2846 800 2907 Eusebii
812 2847 907 2924 locus,
923 2866 984 2926 quo
997 2847 1028 2907 id
1042 2848 1185 2926 refertur,
1202 2855 1231 2910 et
1249 2867 1284 2908 ea
1301 2867 1369 2928 pars

339 2966 408 3027 quae
418 2949 449 3009 in
458 2948 762 3028 disputationibushis
772 2948 962 3026 imperatoris
973 2948 1066 3032 fuisse
1074 2948 1193 3026 dicitur,
1203 2949 1369 3028 principem

229 3037 232 3044 ’
341 3045 373 3104 in
397 3065 481 3107 sacra
500 3047 583 3107 curia
603 3046 704 3106 locum
726 3045 954 3106 Constantinum
971 3047 1105 3106 tenuisse
1125 3047 1213 3126 plane
1228 3046 1368 3107 indicant.

340 3144 447 3205 Nonne
458 3163 526 3205 vere
535 3143 834 3223 pontificaleslitterae
843 3163 918 3222 quas
927 3144 964 3204 ad
975 3143 1126 3221 ecclesias,
1136 3150 1166 3204 et
1178 3143 1215 3204 ad
1225 3145 1370 3224 populum

341 3243 586 3321 etadepiscopos,
595 3241 827 3320 postNicaenum
835 3241 1006 3318 concilium,
1016 3241 1227 3302 Constantinus
1235 3241 1371 3321 scripsit‘l

343 3340 429 3419 Quis,
444 3340 503 3400 nisi
516 3339 653 3400 Pontifex
667 3338 818 3399 Maximus
828 3339 995 3400 Eusebium
1006 3345 1035 3399 et
1047 3339 1252 3419 Theognidem
1262 3340 1373 3419 episco-

342 3457 397 3518 pos
420 3438 457 3499 ab
480 3437 605 3499 ecclesia
625 3436 783 3497 demovere
804 3442 929 3515 poterat,
953 3436 1087 3516 aliosque
1107 3437 1139 3496 in
1163 3455 1269 3497 eorum
1288 3437 1373 3497 sedes

344 3535 539 3596 sufficiendos
554 3553 672 3612 curare,
695 3534 765 3595 dein
783 3536 838 3594 hos
852 3553 973 3613 quoque
990 3534 1028 3594 ab
1042 3535 1213 3614 episcopatu
1232 3533 1372 3614 dejicere,

344 3632 474 3694 Eusebio
489 3639 518 3693 et
531 3616 703 3710 Theognide
721 3631 887 3692 revocatis?
903 3630 990 3708 Quis,
1006 3632 1064 3691 nisi
1078 3631 1215 3692 Pontifex
1225 3630 1375 3692 Maximus

344 3731 495 3792 declarare
510 3736 635 3810 poterat,
656 3749 687 3790 se
707 3729 772 3790 Arii
792 3729 957 3790 doctrinam
973 3729 1157 3810 exploratam
1171 3735 1201 3789 et
1215 3735 1375 3810 spectatam

345 3826 467 3905 hahere,
484 3833 513 3888 et
526 3827 675 3907 imperare
691 3826 768 3886 utin
783 3825 949 3888 Ecclesiam
970 3825 1207 3887 Alexandrinam
1222 3826 1373 3905 recipere·

345 3931 407 4001 tur,
432 3929 462 3984 et
482 3923 660 4004 repugnanti
681 3922 844 3985 Athanasio
866 3923 998 3983 scribere
1022 3941 1054 3982 se
1078 3941 1160 4000 eum,
1177 3923 1234 3982 nisi
1248 3924 1372 3984 manda-

345 4023 384 4083 tis
397 4028 527 4102 pareret,
543 4022 642 4082 esede
654 4021 815 4101 episcopali
829 4020 1042 4101 dejecturum?
1062 4020 1176 4082 Deinde
1191 4040 1261 4081 cum
1275 4021 1389 4082 Antio-⁴

346 4126 457 4188 chense
485 4111 645 4186 concilium
675 4122 866 4183 Eustathium
895 4143 911 4183 e
935 4123 1005 4184 sede
1029 4122 1203 4202 expulisset,
1229 4123 1289 4199 cui,
1319 4121 1376 4181 nisi

381 4337 415 4414 tl)
433 4339 459 4388 S.
475 4339 577 4401 Hicin,
593 4339 704 4401 frosm.
721 4338 860 4396 historica,
872 4337 966 4397 Lutea,
984 4337 1059 4400 1695,
1070 4351 1096 4400 p.
1110 4337 1182 4388 last.
