3054 5046
600 509 758 570 ..73„.

157 664 216 705 nus
235 645 328 706 totius
347 645 391 707 rei
412 643 611 724 cognitionem
631 645 669 704 ad
693 645 847 726 episcopos
871 645 997 724 delegat.
1019 645 1105 706 Unus
1127 645 1191 724 ipse

158 749 232 824 quot
246 744 320 806 socii
334 744 514 823 Majorinum
528 743 663 804 comitari
670 743 808 820 debeant,
824 748 897 823 quot
911 742 1120 821 Caecilianum,
1137 744 1191 804 de-

159 848 330 917 monstrat,
355 861 435 902 unus
459 841 593 920 designat
615 841 667 920 qui
687 840 806 920 judices
824 841 929 902 sedere
943 841 1090 916 debeant;
1111 860 1193 902 unus

159 942 273 1002 urbem
287 959 348 1020 qua
358 939 475 1018 judices
491 958 526 999 ac
545 937 590 998 rei
606 937 781 999 conveniant
798 942 828 997 et
841 937 922 998 diem
932 938 1038 1016 judicii
1049 938 1191 1019 praescri-

159 1040 214 1101 bit.
231 1040 326 1100 Facta
339 1037 516 1116 cognitione,
533 1036 706 1117 imperatori
720 1036 865 1097 sententia
878 1037 1047 1116 subjicitur,
1063 1057 1119 1098 nec
1137 1037 1193 1098 sibi

159 1139 332 1219 quidquam
344 1137 434 1222 licere
447 1135 479 1196 in
493 1155 555 1212 eos,
568 1141 671 1196 contra
691 1153 767 1215 quos
781 1135 1063 1214 pronuntiaverunt,
1076 1136 1193 1216 judices

161 1235 306 1297 arbitrari
324 1227 473 1295 videntur.
496 1234 613 1296 lterum
633 1234 794 1294 Donatistae
819 1234 856 1293 de
877 1251 1001 1294 romano
1021 1233 1134 1312 judicio
1156 1235 1195 1296 ad

160 1333 378 1414 imperatorem
393 1337 567 1411 provocant,
585 1331 658 1392 etin
674 1329 825 1408 Felicem,
851 1331 922 1392 mali
940 1336 1093 1392 auctorem
1107 1331 1191 1392 inve-

160 1434 291 1494 huntur.
303 1431 470 1509 Imperator
484 1429 520 1490 de
533 1429 633 1490 Felice
647 1448 702 1508 per
715 1428 869 1489 AElianum
890 1429 1101 1510 proconsulem
1121 1448 1192 1508 cog·

162 1530 270 1591 noscit.
291 1527 558 1608 Expostulantibus
580 1527 692 1587 iterum
714 1526 890 1604 DonatistiS,
907 1527 1071 1606 imperator
1084 1527 1194 1586 iterum

161 1628 229 1687 aliis
243 1625 400 1706 Episcopis
414 1625 615 1688 dirimendam
622 1625 706 1684 litem
717 1624 885 1684 committit.
898 1624 958 1684 Eos
968 1623 1032 1703 ipse
1043 1643 1059 1683 e
1070 1623 1195 1684 diversis

162 1725 238 1786 locis
259 1725 292 1784 in
308 1723 417 1784 urbem
430 1721 668 1800 Arelatensium,
689 1721 738 1782 die
757 1727 830 1782 stato
845 1726 999 1797 convocat,
1020 1720 1137 1800 proviso
1157 1741 1195 1783 ne

163 1842 274 1884 eorum
301 1821 436 1883 absentia
460 1839 618 1882 sacrorum
648 1819 850 1880 ministerium
876 1819 1115 1898 interrumpatur
1138 1819 1194 1901 (l).

164 1922 306 2002 Cumque
315 1940 348 1982 re
358 1920 451 1982 semel
459 1925 549 1999 atque
562 1918 820 1998 iterumalegatis,
834 1923 867 1978 ut
876 1917 916 1978 ita
926 1916 1035 1996 dicam,
1043 1917 1197 2000 Episcopis

165 2019 343 2099 dijudicata,
356 2037 428 2078 eum
441 2016 531 2078 etiam
544 2017 696 2097 appellare
709 2015 869 2076 Donatistae
884 2022 1126 2095 perseverarent,
1141 2036 1198 2078 nec

166 2116 324 2178 discordiae
338 2116 534 2192 tollerentur,
551 2114 632 2193 ipse,
648 2119 681 2174 ut
700 2114 894 2194 poscebatur,
915 2132 1037 2174 causam
1050 2114 1197 2194 integram

162 2216 302 2295 judicare
316 2214 436 2290 statuit,
449 2215 574 2294 jamque
596 2232 628 2274 se
648 2213 681 2273 in
700 2212 834 2272 Africam
853 2217 1016 2273 venturum
1029 2213 1196 2293 pollicitus,

167 2311 237 2374 dein
250 2313 380 2372 Romam
396 2310 531 2390 partibus
549 2309 713 2387 arcessitis,
740 2309 870 2389 denique
891 2309 1051 2372 Mediolani
1073 2310 1196 2387 sedens,

167 2414 225 2473 fert
245 2412 310 2492 ipse
331 2410 520 2471 sententiam.
538 2409 653 2470 Deinde
667 2408 728 2470 vim
743 2408 818 2487 legis
832 2407 964 2485 adhibet,
981 2413 1010 2469 et
1023 2393 1128 2487 poenas¹
1140 2408 1195 2468 ad·

167 2530 274 2574 versus
288 2510 368 2592 pacis
384 2508 608 2589 perturbatores
622 2513 652 2569 et
664 2525 818 2569 eversores
833 2505 985 2584 religionis
1000 2506 1108 2583 sancit,
1123 2525 1198 2586 quas

168 2611 265 2686 ultro,
282 2613 411 2689 quatuor
424 2612 491 2687 post
510 2605 607 2683 annis,
630 2605 763 2667 remittit.

207 2708 268 2770 Ubi
281 2707 374 2786 igitur
385 2706 442 2766 hac
454 2705 486 2765 in
500 2704 581 2764 omni
594 2724 627 2765 re
638 2703 779 2764 Ecclesiae
793 2722 933 2763 summus
944 2721 1066 2784 praeseS,
1079 2702 1131 2763 ubi
1141 2704 1199 2764 Re-

169 2805 288 2886 ligionis
301 2803 414 2888 arbiter
427 2808 457 2863 et
469 2806 580 2878 eustoc,
595 2800 648 2862 ubi
662 2820 802 2861 summus
815 2820 920 2861 rerum
931 2799 1199 2862 ecclesiasticarum

168 2902 302 2982 cognitor
316 2906 346 2961 et
356 2900 463 2980 judex,
479 2899 531 2960 ubi
541 2898 678 2959 Pontifex
687 2898 862 2959 Maximus?
876 2898 951 2970 Quis
960 2898 1084 2959 concilia
1094 2898 1199 2959 sedero

164 3000 277 3080 jubet?
293 2999 369 3071 Quis
382 2997 578 3058 conciliorum
593 2996 751 3076 participes
766 2996 872 3076 eligit‘?
883 2996 958 3068 Quis
972 2996 1051 3056 diem
1062 2996 1198 3057 etlocum

168 3097 365 3159 conciliorum
380 3094 555 3156 constituit?
569 3094 644 3165 Quis
659 3093 716 3154 sibi
729 3093 939 3155 conservandae
954 3093 1034 3174 pacis
1047 3094 1201 3156 ecclesias-

169 3197 247 3273 ticae,
271 3201 301 3256 et
324 3194 490 3255 concordiae
513 3192 696 3254 stabiliendae
717 3211 830 3252 munus
855 3192 1001 3272 suscipit?
1024 3192 1199 3254 Pontifexne

169 3311 313 3353 romanus
322 3290 480 3367 Miltiades,
490 3309 582 3370 quem
594 3295 626 3348 ut
636 3289 779 3368 legatum,
795 3289 1027 3349 cumnonnullis
1037 3290 1103 3368 ejus
1113 3290 1201 3351 colle-

169 3392 226 3471 gis,
238 3390 332 3451 semel
340 3388 471 3466 adhibet,
483 3393 535 3449 aut
544 3387 704 3467 Sylvester,
717 3406 808 3466 quern
817 3407 856 3448 ne
866 3387 996 3448 consulit
1002 3387 1136 3466 quidem,
1145 3391 1201 3448 nei:

169 3489 207 3550 ad
218 3487 379 3548 concilium
392 3486 567 3547 Arelatense
578 3485 716 3562 advocat,
729 3504 768 3546 an
777 3484 841 3563 ipse
853 3485 1031 3565 imperator,
1043 3485 1096 3564 qui
1106 3485 1198 3546 semei

171 3605 225 3665 per
238 3582 462 3665 proconsulem,
473 3582 521 3643 bis
528 3601 584 3663 per
593 3582 747 3662 episcopos
757 3599 833 3661 quos
842 3585 926 3642 vocat
934 3587 964 3642 et
973 3580 1104 3658 dimittit,
1119 3580 1202 3641 deni-

170 3702 230 3763 que
244 3701 299 3764 per
314 3700 346 3742 se
360 3681 477 3760 ipsum,
492 3680 616 3741 remotis
637 3680 778 3762 omnibus
793 3679 859 3741 aliis
879 3677 1016 3756 arbitriS,
1034 3679 1117 3739 nullo
1134 3684 1201 3739 tum

171 3782 367 3856 reclamante,
383 3783 413 3838 et
423 3777 509 3858 quasi
520 3797 557 3838 ex
570 3777 663 3838 veteri
673 3776 825 3857 pontificio
836 3777 922 3855 jure,
934 3776 1049 3856 judicat
1062 3773 1133 3857 (ΞΥ.)

201 3967 237 4032 (t)
253 3969 425 4021 cunctantius
440 3969 517 4031 epist.
530 3968 566 4019 ad
578 3967 734 4019 Ablavium.

206 4051 242 4114 (t)
260 4052 313 4104 Hoc
331 4053 364 4104 de
378 4051 468 4104 eadem
482 4065 510 4102 re
523 4051 627 4102 adnotat
649 4051 821 4102 llosbemins:
840 4067 851 4098 α
869 4050 930 4100 Tam
950 4049 1017 4100 clara
1032 4055 1092 4099 sunt
1106 4048 1131 4098 in
1147 4052 1200 4098 tota

169 4135 216 4188 bac
232 4139 407 4190 controversia
420 4149 546 4199 supremae
560 4137 695 4200 potestatis
717 4135 887 4200 imperatoriae
900 4136 926 4186 io
948 4135 1032 4186 causis
1049 4131 1081 4184 ad
1094 4130 1202 4194 reiigio-

169 4233 226 4272 nem
240 4222 428 4286 pertinentibus
441 4221 523 4286 signa,
541 4225 569 4270 ut
583 4219 689 4270 clariora
703 4219 759 4272 lieri
774 4225 914 4283 nequeant.
925 4218 999 4269 Corte
1020 4216 1060 4266 bis
1075 4215 1202 4277 tempori·

170 4305 216 4356 bus
230 4319 305 4357 nemo
318 4304 448 4372 cogitabat
460 4305 493 4355 de
513 4313 633 4366 supremo
649 4303 727 4354 totins
749 4303 869 4354 Ecclesia
880 4301 964 4368 judice
975 4301 1007 4351 ab
1024 4299 1079 4366 ipso
1094 4297 1195 4374 Christo
