3054 5046
777 548 921 612 ..98-

344 684 501 762 diligenter
514 689 547 742 ut
561 683 711 762 dissipatis
723 681 937 762 exstinctisque
952 682 1104 762 religionis
1117 683 1287 748 christianae
1296 687 1369 748 hos·

344 780 436 857 tibus,
451 779 551 842 omnia
564 799 632 860 quae
650 780 681 840 in
699 799 783 840 sacra
796 780 850 840 Del
867 779 939 858 lege¹
948 780 1138 842 continentur
1152 781 1267 861 integra
1283 791 1313 846 et
1327 787 1372 847 in—

343 883 484 957 corrupta
497 883 638 938 maneant
647 875 703 958 (l).

383 979 521 1058 Acceptis
536 978 720 1040 Constantini
734 977 859 1055 litteris,
875 979 926 1040 alii
939 980 971 1040 in
985 980 1072 1040 sedes
1082 999 1152 1042 suas
1165 988 1369 1064 revertuntur,

342 1075 393 1136 alii
408 1075 503 1154 jussis
523 1075 788 1156 obsequentioreS,
809 1075 1095 1156 Constantinopolim
1116 1080 1310 1141 contendunt.
1327 1082 1371 1144 lbi

342 1191 417 1234 nova
438 1174 470 1234 in
493 1172 692 1234 Athanasium
714 1173 774 1232 tela
793 1172 918 1250 conjici:
943 1174 1127 1254 tandemque
1146 1177 1372 1242 accusatoribus

341 1272 528 1351 morigeram
541 1273 704 1352 imperator
716 1272 915 1332 Athanasium
928 1272 1098 1334 inexilium
1111 1274 1200 1353 ejicit.

379 1370 447 1432 Jam
461 1369 744 1449 imperatorisjussu
758 1369 881 1430 Nicaena
895 1369 931 1429 de
946 1369 1018 1430 Ario
1031 1370 1178 1432 sententia
1187 1376 1323 1432 revocata
1336 1388 1370 1430 ac

341 1467 458 1529 sublata
472 1467 688 1545 Hierosolymis
703 1468 811 1528 luerat.
828 1466 991 1546 Supererat
1005 1473 1038 1528 ut
1053 1468 1369 1548 reipsainEcolesiam

340 1566 538 1644 reciperetur,
555 1565 635 1644 quod
652 1563 823 1626 Alexander
843 1563 1113 1644 Constantinopolis
1129 1566 1288 1645 episcopus
1302 1565 1369 1626 lieri

340 1681 427 1744 posse
447 1662 583 1742 negabat.
605 1661 690 1724 Tunc
709 1661 799 1722 etiam
820 1661 934 1738 regiam
955 1661 1168 1723 Constantinus
1189 1662 1369 1742 interposuit

339 1762 557 1838 auctoritatem,
569 1765 748 1839 evocatoque
761 1759 799 1819 ad
813 1778 845 1819 se
861 1759 944 1836 Ario,
961 1765 991 1820 et
1006 1760 1073 1839 ejus
1096 1761 1155 1821 tide
1168 1761 1201 1821 in
1220 1761 1368 1841 colloquio

339 1860 503 1940 explorate,
519 1859 728 1920 Alexandrum
742 1858 847 1918 adesse
859 1857 962 1935 jussit,
977 1876 1176 1937 repressaque
1190 1859 1274 1920 omni
1287 1860 1368 1922 senis

339 1958 589 2039 expostulatione,
611 1958 752 2038 praecepit
770 1963 803 2016 ut
824 1957 872 2017 die
894 1957 1023 2018 crastino
1043 1958 1177 2018 ecclesiae
1199 1960 1281 2020 fores
1295 1960 1367 2021 Ario

339 2063 486 2137 paterent,
502 2057 590 2135 eique
603 2056 641 2117 ad
652 2075 768 2116 sacram
782 2056 1027 2118 communionem
1039 2055 1182 2118 accedere
1194 2057 1299 2118 liceret
1309 2056 1365 2137 (2).

378 2155 465 2228 Quod
483 2155 606 2233 jussum
627 2153 791 2232 intercepit
803 2153 922 2214 subitus
936 2158 966 2213 et
982 2153 1200 2232 inexplicabilis
1220 2153 1365 2232 morbus,

337 2274 397 2334 quo
411 2254 517 2314 eodem
535 2252 583 2312 die
598 2252 690 2314 Arius
710 2252 898 2313 examinatus
918 2257 972 2312 est.
997 2251 1125 2312 Frustra
1143 2257 1209 2331 post
1221 2252 1366 2330 tragicam

337 2352 467 2414 hominis
484 2352 611 2430 hujusce
626 2355 754 2410 mortem
773 2350 965 2412 ecclesiastici
982 2349 1038 2409 viri
1056 2350 1287 2429 christianaeque
1307 2350 1366 2410 vir·

335 2451 419 2529 giues
438 2450 476 2511 ab
493 2450 674 2528 imperatore
693 2447 843 2527 petierunt
856 2452 890 2507 ut
908 2447 1070 2508 Athanasio
1083 2447 1260 2526 ignosceret.
1277 2446 1363 2508 Stetit

336 2548 492 2608 sententia.
508 2546 568 2608 Sed
585 2551 730 2624 tauquam
748 2543 928 2623 aequabilem
938 2543 1018 2622 juris
1037 2543 1184 2604 rationem
1200 2548 1361 2620 ostentam,

335 2646 501 2708 lohannem
516 2644 690 2724 episcopum
707 2641 902 2702 Meletianum
916 2641 1055 2701 ferociter
1079 2641 1319 2720 superbientem,
1335 2647 1365 2702 et

335 2745 473 2805 odiorum
488 2742 603 2802 semina
617 2741 749 2819 undique
757 2739 919 2818 jacientem
929 2737 1042 2816 pariter
1051 2738 1175 2798 exulare
1187 2738 1289 2816 jussit.
1306 2738 1363 2798 Hic

334 2862 439 2904 rerum
462 2839 731 2902 ecclesiasticarum
758 2834 1021 2897 administrationis
1047 2841 1077 2895 et
1093 2833 1168 2896 'lere
1198 2836 1265 2896 vitae
1293 2834 1363 2894 linis

336 2941 529 3004 Constantino
539 2940 605 3000 fuit.

376 3038 451 3110 Quis
464 3055 534 3098 vero
544 3037 598 3096 has
612 3034 731 3095 Arianae
746 3031 954 3092 controversiae
968 3030 1047 3091 vices
1060 3029 1147 3090 nobis
1157 3030 1303 3091 tradidit?

375 3134 574 3196 Eccleshstici
593 3131 651 3211 ipsi
672 3129 849 3210 scriptores,
866 3147 997 3208 quorum
1010 3128 1104 3205 fides,
1127 3127 1196 3188 licet
1209 3128 1241 3188 in
1259 3127 1362 3188 mullis

335 3233 427 3295 rebus
448 3231 554 3292 merito
573 3233 721 3308 suspecta,
733 3232 799 3286 tum
814 3231 893 3286 certe
904 3224 1074 3304 accipienda
1087 3229 1144 3302 est,
1157 3243 1227 3284 cum
1241 3225 1321 3286 inter
1330 3243 1362 3286 se

335 3331 457 3394 omnino
478 3327 673 3404 consentiant,
697 3343 795 3405 neque
819 3323 986 3403 quidquam
1009 3322 1137 3401 alicujus
1159 3323 1304 3383 momenti
1325 3323 1362 3384 iis

334 3429 443 3509 opponi
457 3426 559 3508 possit.
581 3425 644 3486 Noc
666 3423 748 3483 enim
765 3422 802 3482 ab
821 3420 857 3480 iis
881 3420 1011 3499 petimus
1028 3419 1101 3498 quid
1120 3419 1157 3479 de
1177 3425 1361 3480 sacrosancta

333 3527 476 3588 Trinitate
491 3522 702 3586 Constantinus
715 3519 834 3600 penitus
845 3515 972 3577 senserit
985 3563 993 3594 ,
1006 3515 1059 3575 sed
1073 3515 1145 3594 quid
1154 3516 1187 3576 in
1196 3535 1229 3576 re
1241 3516 1361 3576 omnino

332 3621 659 3700 ecclesiasticaegerit,
681 3619 753 3699 quid
773 3615 955 3691 decreverit,
977 3614 1050 3692 quid
1065 3613 1213 3687 sanxerit,
1227 3613 1301 3691 imo,
1322 3632 1360 3673 an

331 3722 445 3802 aliquid
464 3721 496 3780 in
509 3719 561 3780 tali
580 3738 613 3778 re
628 3718 674 3778 vel
694 3713 868 3789 decreverit,
884 3712 930 3772 vel
945 3711 1087 3772 sanxerit.
1109 3711 1146 3770 In
1163 3711 1245 3770 omni
1259 3717 1361 3770 autem

333 3820 497 3900 quaestione
512 3835 562 3878 res
575 3816 648 3895 ipsae
663 3833 718 3894 pro
728 3809 912 3873 firmissimis
920 3808 1106 3888 argumentis
1120 3807 1265 3868 habendae
1279 3814 1360 3886 sunt,

332 3918 463 3981 maxime
478 3934 548 3977 cum
559 3933 657 3993 neque
674 3911 772 3972 dubiae
787 3914 857 3970 sunt
867 3913 896 3968 et
906 3912 990 3966 extra
1000 3905 1234 3966 controversiam
1244 3905 1358 3985 positae.

362 4162 398 4230 (l)
415 4160 536 4219 socnam,
561 4156 630 4206 Hirr.
656 4153 754 4211 coclea,
776 4151 796 4211 l,
818 4149 861 4202 tt.
887 4173 918 4184 -
942 4148 1050 4207 soron..
1078 4156 1107 4206 n,
1124 4145 1167 4196 tt.
1190 4170 1223 4184 -
1243 4145 1357 4206 Arnen,

327 4247 452 4312 apolon,
468 4243 527 4298 803.
543 4240 602 4290 80t.

359 4331 396 4399 tt)
414 4334 536 4392 sooner„
551 4327 623 4380 Hirr.
638 4323 710 4382 eccl„
724 4332 742 4385 r,
758 4319 800 4370 ΞΒ.
