3054 5046
622 543 801 606 -107-

201 697 408 763 saepenumero
425 679 548 755 directa,
564 685 707 756 correcta,
719 680 805 758 jussa
819 684 870 740 aut
882 678 971 740 vetita
982 669 1085 756 luisse,
1101 679 1193 739 veluti
1206 663 1224 740 a

201 798 342 860 supremo
362 797 467 839 rerum
480 777 617 837 omnium
631 795 786 839 sacrarum
807 779 948 857 magistro
961 782 991 838 et
1005 777 1143 856 praeside.
1159 777 1221 836 De·

199 880 289 958 nique
302 879 380 938 inter
390 876 565 937 christianos
579 876 619 936 ita
633 896 665 937 se
679 877 807 964 gessisse
824 877 856 936 in
870 877 952 936 omni
962 896 995 938 re
1014 877 1224 938 Constantinus

197 977 326 1053 videtur,
350 980 494 1054 tanquam
516 980 601 1035 vetus
624 975 777 1035 Pontificis
799 974 923 1036 Maximi
948 975 1065 1054 titulus,
1086 974 1138 1054 qui
1161 975 1221 1035 inr-

196 1073 351 1155 peratoriae
380 1071 515 1153 potestati
541 1073 675 1132 adnexus
712 1078 787 1150 erat,
813 1092 970 1133 summum
995 1073 1164 1133 includeret
1192 1072 1224 1132 in

198 1171 430 1234 christianorum
444 1169 584 1231 eeclesias
597 1170 734 1248 regimen
748 1174 837 1250 atque
861 1171 1035 1251 imperium.
1061 1170 1125 1232 Nec
1143 1170 1225 1230 ullus

198 1268 431 1328 christianorum
455 1265 525 1326 huic
544 1267 671 1346 imperio
688 1286 857 1347 repugnare
877 1273 907 1329 et
918 1268 1041 1328 infitiari
1060 1285 1153 1328 ausus
1168 1273 1223 1342 est,

199 1370 243 1442 ut,
269 1371 298 1426 et
318 1365 374 1444 ipsi
391 1365 527 1443 gentiles,
553 1365 690 1444 quamvis
710 1367 835 1426 moleste
859 1368 974 1426 terrent
996 1365 1226 1426 Constantinum

199 1462 320 1522 asacris
334 1462 485 1541 majorum
502 1461 645 1521 institutis
666 1462 762 1540 magis
781 1462 813 1522 in
831 1462 894 1522 dies
912 1461 1045 1522 alienum
1061 1461 1138 1538 lieri,
1154 1479 1226 1521 eum

197 1567 299 1622 tamen
308 1559 485 1620 Pontificem
494 1557 661 1620 Maximum
673 1560 824 1639 appellare
836 1565 926 1639 atque
937 1561 989 1638 jus
1001 1559 1045 1619 illi
1055 1557 1170 1618 nomini
1181 1558 1232 1617 in-.

200 1660 317 1720 haerens
329 1677 382 1738 pro
397 1661 461 1717 rato
474 1656 587 1718 habere
600 1676 661 1717 non
675 1657 870 1718 dubitabant.¹

238 1755 405 1830 Postremo,
421 1754 446 1813 si
461 1753 627 1832 quidquam
638 1752 769 1814 Eusebio
787 1753 931 1832 creditur,
943 1774 1004 1816 non
1015 1752 1226 1814 Constantinus

199 1871 248 1914 res
268 1853 301 1912 in
317 1851 451 1912 Ecclesia
471 1851 661 1930 gravissimas
682 1856 810 1912 tractare
834 1857 863 1912 et
891 1871 995 1930 regere
1016 1851 1087 1912 satis
1109 1849 1224 1911 hebuit.

199 1953 325 2031 Nempe,
351 1949 438 2029 quasi
461 1949 554 2028 posita
576 1949 696 2029 imperii
722 1951 888 2028 majestate,
913 1951 951 2010 ad
977 1951 1042 2029 ipsa
1074 1947 1227 2009 Pontificis

199 2048 352 2109 christiani
369 2046 539 2107 officiorum
562 2051 714 2107 momenta
733 2045 915 2108 descendere
940 2047 1063 2108 solebat.
1090 2047 1224 2124 Congre-

199 2151 266 2224 gata
285 2145 317 2204 in
336 2144 444 2223 palatio
467 2143 513 2204 vel
531 2144 563 2202 in
583 2143 716 2203 ecclesiis
737 2145 840 2223 populi
863 2129 1067 2221 multitudine,
1089 2144 1227 2223 princeps

200 2242 264 2322 ipse
293 2242 468 2303 christianas
496 2258 601 2320 preces
634 2241 693 2302 alta
717 2261 787 2301 voce
814 2241 956 2322 praeibat;
984 2242 1048 2321 ipse
1072 2260 1227 2302 sacrarum

202 2341 422 2421 scripturarum
441 2340 522 2400 locos
535 2322 786 2418 interpretabatur
800 2345 829 2400 et
843 2340 1037 2419 explanabat;
1062 2341 1126 2420 ipse
1145 2357 1224 2418 prae-

201 2439 330 2498 sentium
344 2436 460 2498 animos
474 2437 588 2498 coelesti
611 2436 767 2516 disciplina
781 2437 919 2498 imbuere
940 2442 1030 2516 atque
1047 2435 1224 2513 informare,

200 2556 256 2597 nec
279 2537 344 2596 sine
367 2541 451 2614 grata
471 2535 574 2615 populi
597 2535 819 2612 acclamatione,
841 2535 1022 2610 conabatnr3
1048 2535 1113 2614 ipse
1136 2535 1227 2596 falsas

199 2652 384 2712 paganorum
398 2634 434 2694 de
445 2633 501 2692 diis
515 2633 669 2713 opiniones
683 2632 822 2693 refellere
835 2638 864 2693 et
879 2633 915 2693 de
930 2633 1090 2694 christiana
1107 2633 1225 2693 theolo-

198 2731 245 2809 gia
265 2731 404 2791 meditate
420 2731 452 2790 in
475 2730 631 2810 publicum
649 2730 852 2809 philosophari
879 2750 914 2790 ao
943 2730 1095 2810 disputare
1120 2730 1224 2792 stude-

199 2828 249 2889 bat
259 2827 315 2911 (l).
333 2827 407 2900 Quae
421 2827 532 2904 omnia,
551 2847 605 2887 seu
619 2847 688 2888 vera
703 2827 763 2888 sive
779 2828 853 2889 falsa
863 2833 961 2908 putee,
973 2834 1053 2888 certe
1073 2827 1110 2888 ad
1124 2828 1223 2888 horni-

199 2945 269 2988 nem
288 2926 423 2986 nondum
446 2925 502 2984 rite
519 2924 689 2985 christianis
709 2925 801 2985 sacris
815 2925 976 3002 initiatum,
992 2925 1122 2985 necdum
1136 2925 1226 2985 etiam

203 3026 464 3099 catechumenum,
481 3041 541 3083 non
556 3023 753 3102 pertinebant.

240 3122 340 3198 Nunc,
357 3127 391 3180 ut
404 3139 472 3200 quae
485 3121 585 3182 omnia
599 3121 728 3182 disserui
741 3121 917 3182 brevissime
928 3133 1139 3200 recognoscam
1152 3140 1158 3179 :
1172 3121 1228 3181 boc

200 3237 255 3300 pro
265 3239 334 3280 vero
344 3219 518 3280 babendum
533 3219 661 3280 arbitror
676 3219 905 3280 Constantinum
918 3220 1132 3299 imperatorem
1146 3220 1227 3299 quod

62 3311 63 3316 ’
126 3395 127 3398 ¹
199 3317 237 3378 ad
250 3337 380 3397 paganos
395 3322 518 3398 spectat,
533 3317 689 3378 Pontificis
703 3317 827 3378 Maximi
838 3317 870 3379 'et
884 3338 994 3379 nomen
1010 3318 1180 3395 retinuisse,
1199 3323 1228 3377 et

200 3416 417 3493 auctoritatem,
429 3421 552 3496 excepte
562 3415 804 3476 caerimoniarum
815 3416 1034 3495 procuratione,
1045 3415 1224 3476 exercuisse.

199 3515 306 3594 Neque
319 3534 391 3575 eum
404 3515 487 3575 bunc
499 3515 721 3601 titulum,hanc
734 3515 939 3575 auctoritatem
950 3531 1085 3575 servasse
1099 3517 1227 3577 concedo

200 3633 235 3675 ea
254 3619 366 3690 mente,
382 3633 441 3693 quo
463 3614 580 3685 facilius
598 3619 699 3675 vetera
715 3614 850 3676 instituta
869 3621 899 3676 et
917 3616 1044 3692 deorum
1067 3613 1227 3693 religiones

198 3709 341 3786 aboleret,
357 3716 391 3770 ut
403 3711 527 3790 quidam
540 3712 629 3791 paulo
643 3711 759 3771 acutius
774 3712 987 3790 excogitavere.
1001 3711 1117 3792 Nempe
1128 3730 1163 3772 ea
1174 3731 1224 3772 sa·

199 3827 249 3869 era
263 3828 331 3887 quae
346 3810 447 3871 forsan
461 3806 679 3889 aspernabatur
693 3816 723 3871 et
734 3811 889 3886 irridebat,
904 3816 933 3870 et
943 3830 960 3872 a
969 3811 1080 3890 quibus
1090 3811 1227 3870 animum

197 3906 341 3985 paulatim
355 3907 516 3967 abduxisse
530 3907 659 3985 videtur,
676 3927 732 3968 nec
750 3908 891 3983 vetuisse,
907 3926 963 3967 nec
983 3908 1153 3983 sustulisse,
1171 3927 1227 3968 nec

192 4001 371 4064 immutasse
386 4004 509 4083 quidem
524 4004 752 4065 Constantinum
768 4011 850 4084 puto,
867 4005 925 4064 nisi
938 4005 1007 4084 quis
1017 4004 1111 4064 malas
1120 4003 1226 4064 reniti-

198 4121 303 4162 corum
317 4107 397 4162 artes
413 4107 443 4161 et
457 4102 616 4180 flagitiosas
640 4103 772 4180 fraudes,
789 4122 857 4184 quae
881 4102 937 4162 sub
960 4101 1112 4179 religionis
1128 4101 1225 4182 speeie

155 4341 158 4347 .
232 4305 265 4368 (l)
284 4305 389 4369 Busae„
410 4308 462 4358 ru.
479 4309 581 4363 const,
597 4319 631 4366 rr,
647 4305 690 4368 tl,
704 4307 747 4372 29,
761 4308 804 4358 55.
