3054 5046
740 541 902 602 ...78-

345 673 508 752 Benignior
527 678 608 736 certe
626 678 657 734 et
679 674 794 754 aequior
810 674 890 753 juris
910 673 1153 752 uniuscujusque
1172 673 1339 736 aestimator

304 777 369 832 erat
384 771 608 849 Constantinus,
624 771 908 852 demonstrabatque
928 791 989 832 non
1009 771 1130 832 irritum
1149 771 1243 832 fuisse
1255 772 1337 834 Pon-

303 867 392 928 tilicis
407 868 528 930 Maximi
542 887 664 946 nornen,
676 874 707 930 et
719 869 900 948 religionum
910 869 1047 930 omnium
1060 869 1186 930 tutelam
1196 888 1289 950 penes
1304 889 1337 932 se

303 985 381 1044 esse,
397 986 468 1028 cum
481 967 657 1028 Judaeorum
671 967 775 1046 sacris,
791 986 935 1048 quorum,
951 973 986 1029 ut
999 987 1037 1030 ex
1050 967 1191 1048 praedicla
1200 968 1266 1048 lege
1279 989 1334 1049 ap-

302 1070 397 1144 paret,
423 1063 549 1125 minime
573 1065 726 1126 studiosus
749 1071 824 1144 erat,
852 1066 892 1127 ita
914 1067 1095 1143 consuleret,
1120 1071 1155 1126 ut
1183 1085 1244 1128 una
1269 1067 1336 1145 lege

302 1163 482 1246 (320)hin0s
496 1167 542 1228 vel
557 1173 660 1228 ternos
671 1167 703 1228 in
718 1166 881 1247 Synagogis
892 1167 990 1228 divino
1003 1166 1099 1228 cultui
1109 1167 1304 1246 presidentes
1318 1187 1336 1228 a

302 1262 429 1340 publicis
439 1263 618 1325 muneribus
630 1263 784 1325 immunes
794 1283 860 1326 esse
870 1261 1117 1345 praeciperei(l);
1133 1264 1226 1325 altera
1236 1263 1333 1345 (330),

302 1363 332 1418 et
344 1359 507 1424 liberaliori
521 1361 656 1442 quidem,
672 1362 756 1424 idem
768 1362 961 1442 privilegium
975 1362 1169 1424 confirmaret
1182 1361 1238 1444 (2).

343 1457 555 1522 Constantinus
569 1460 657 1522 etiam
673 1461 827 1522 Pontificio
841 1460 964 1522 Maximi
978 1466 1077 1540 partes
1090 1459 1247 1538 tuebatur,
1263 1478 1335 1521 cum

299 1560 437 1635 protervo
462 1557 639 1618 ludaeorum
653 1557 768 1636 studio,
787 1557 968 1637 injuriisque
990 1557 1143 1636 religionis
1161 1557 1259 1640 specie
1282 1559 1334 1619 ob-
1354 1603 1359 1613 .

299 1651 384 1712 tectis
404 1653 521 1716 obviam
540 1655 615 1733 iret,
634 1661 808 1735 vetaretque
821 1673 861 1716 ne
874 1655 943 1735 quis
958 1675 975 1718 ι
990 1655 1115 1718 tndaeos
1131 1655 1330 1718 christianum

297 1751 482 1832 mancipium
478 1748 542 1814 vel
556 1755 722 1834 cujuslibet
737 1754 870 1816 alteriue
889 1761 980 1816 sectoe
997 1760 1148 1817 mercatus
1165 1754 1328 1816 circumci-

299 1849 394 1927 deret,
412 1870 428 1910 ι)
444 1870 600 1914 servorum
613 1853 751 1914 videlicet
763 1852 880 1915 animos
894 1872 955 1914 non
967 1853 1088 1916 venales
1100 1871 1167 1915 esse
1178 1853 1330 1933 judicans,

298 1952 328 2007 et
330 1948 454 2027 ,quoad
467 1949 663 2029 religionem,
679 1950 791 2012 liberos
804 1951 919 2034 esse(3
920 1951 943 2032 ).

337 2044 419 2106 Nihil
432 2045 527 2107 habeo
541 2048 622 2128 quod
645 2048 682 2108 de
702 2047 819 2109 duabus
839 2049 906 2110 aliis
928 2049 1046 2128 legibus
1069 2049 1177 2128 dicam,
1195 2069 1330 2130 quarum

302 2143 396 2204 altera
414 2144 628 2206 Constantinus
646 2146 758 2224 sanxit,
773 2153 808 2206 ut
824 2146 1065 2227 unusquisquee
1082 2148 1142 2209 vita
1161 2149 1328 2228 decedens,

210 2281 214 2290 .
297 2241 447 2302 bonorum
462 2243 542 2322 quod
555 2243 645 2305 vellet
658 2244 800 2306 Ecclesiae
814 2245 1005 2325 relinquendi
1018 2245 1166 2307 licentiam
1182 2247 1327 2322 haberet3

297 2339 402 2418 altera,
426 2345 460 2400 ut
479 2340 511 2401 in
524 2341 667 2404 Ecclesia
680 2343 810 2422 gremio,
826 2343 859 2404 in
879 2349 1039 2425 conspectu
1061 2344 1213 2424 religionis
1231 2346 1326 2406 entis-

295 2439 400 2524 titum,
415 2438 509 2502 servis
523 2439 646 2504 libertas
666 2441 789 2504 concedi
800 2442 870 2522 jure
889 2447 1007 2522 posset,
1031 2441 1092 2504 imo
1115 2443 1234 2505 clericis
1251 2444 1328 2506 fecto

197 2731 201 2738 ,
295 2707 414 2760 omnibus
428 2709 482 2760 suis
502 2708 670 2774 participibus
690 2708 902 2761 concremandus.
925 2709 952 2760 Si
966 2710 1023 2774 quis
1044 2721 1105 2760 vero
1125 2722 1157 2760 ex
1178 2709 1271 2774 populo
1293 2709 1326 2760 ad

249 2851 251 2856 ,
295 2811 384 2848 eorum
398 2797 520 2849 nefariam
537 2806 632 2849 sectam
647 2800 794 2857 accesserit,
809 2805 836 2849 et
849 2797 1025 2848 conciliabulis
1038 2810 1127 2849 eorum
1139 2811 1168 2848 sc
1179 2799 1326 2862 applicare·

293 2886 336 2948 rit,
351 2899 410 2936 cum
430 2886 493 2949 ipsis
506 2897 595 2950 poenas
614 2887 718 2936 meritas
741 2886 888 2962 sustioebit.
909 2887 982 2951 »lxv
997 2884 1048 2935 irai.
1072 2898 1131 2936 nor.
1147 2883 1225 2952 (315).
1248 2885 1322 2951 (cod.

296 2974 433 3033 Teredon,
444 2984 497 3034 ιιι,
512 2975 554 3024 ιιι.
569 2975 594 3034 8,
609 2973 627 3025 l.
645 2974 678 3034 ι.)

324 3058 359 3120 ιι)
379 3057 504 3108 «Cunctis
513 3057 649 3108 ordinibus
659 3057 773 3122 generali
785 3057 843 3122 lege
852 3057 1016 3110 concedimus
1024 3056 1126 3108 tudens
1135 3068 1227 3107 vocare
1236 3055 1269 3107 ad
1279 3069 1324 3107 cu·

289 3142 364 3193 ιιιιιι.
378 3141 472 3192 Verum
486 3147 515 3192 ιιι
528 3141 623 3205 aliquid
641 3140 705 3204 ipsis
722 3140 755 3192 ad
773 3141 893 3192 solatium
907 3141 1020 3206 pristinae
1034 3140 1222 3192 observationis
1240 3140 1324 3191 relin-
1396 3153 1403 3161 ·

290 3232 392 3292 quatur,
407 3225 482 3278 binos
495 3225 535 3278 vel
548 3232 637 3278 ternos
649 3225 782 3291 privilegio
794 3227 894 3290 perpeti
905 3227 1017 3292 patimur
1026 3224 1103 3276 nuliis
1112 3225 1323 3288 occupationibus

290 3309 419 3373 occupari.
434 3326 446 3357 ι
459 3309 525 3376 (bit.
542 3309 578 3361 id.
594 3309 653 3362 dec.
667 3309 745 3374 (bit).
762 3310 769 3368 ι
774 3311 836 3364 cod.
856 3311 995 3369 Tteodoc,
1007 3320 1062 3368 ιιι,
1076 3314 1097 3362 ι.
1112 3309 1140 3368 8,
1153 3308 1172 3362 l.
1187 3309 1226 3368 5.)

321 3393 357 3460 (ι)
375 3394 446 3457 «Qui
460 3395 596 3446 devotione
614 3400 668 3446 tota
688 3396 823 3460 synagogis
836 3396 993 3457 ludaeorum,
1006 3393 1157 3459 patriarchis
1167 3393 1207 3445 rel
1219 3391 1322 3457 presby·
1394 3455 1397 3460 Ι
1493 3398 1497 3408 “

289 3479 352 3530 teris
365 3492 394 3532 se
408 3479 544 3542 dederunt,
559 3486 587 3531 ct
606 3479 632 3532 in
646 3487 786 3532 memorata
807 3486 877 3532 secta
901 3479 1025 3544 degentes
1044 3479 1096 3543 legi
1110 3480 1159 3544 ipsi
1173 3477 1319 3543 praesident,

287 3564 415 3626 immunes
436 3564 469 3615 ab
491 3564 620 3628 omnibus,
643 3571 696 3616 tam
717 3566 895 3629 personalibus
924 3579 999 3629 eruam
1027 3565 1144 3617 ciuilibus
1171 3565 1320 3616 muneribus

289 3655 474 3713 perseverent:
486 3650 520 3700 ita
533 3656 562 3700 ut
571 3649 618 3710 illi,
634 3652 676 3714 qui
689 3650 741 3714 jorn
752 3650 857 3702 forsitan
870 3651 1022 3702 decuriones
1033 3656 1102 3714 sunt,
1113 3663 1273 3715 nequaquam
1287 3650 1319 3701 ad

289 3737 482 3800 prosecutiones
496 3735 595 3800 aliquas
610 3736 789 3798 destinentur;
811 3750 869 3788 cum
890 3742 1007 3800 oporteat
1027 3737 1102 3788 istius
1118 3735 1188 3788 modi
1203 3736 1319 3788 bomirres
1421 3753 1422 3757 ¹

209 3835 215 3860 ι
286 3834 301 3872 a
319 3820 382 3871 locis
395 3819 420 3870 io
435 3819 528 3884 quibus
541 3826 609 3881 stent,
625 3820 693 3870 nulla
704 3819 823 3883 compelli
835 3821 934 3872 ratione
948 3820 1092 3872 discedere.
1112 3819 1140 3870 lii
1159 3825 1255 3879 autem,
1272 3819 1317 3883 qui

288 3907 392 3957 minime
405 3905 515 3958 curiales
538 3910 607 3968 sunt,
624 3911 745 3968 perpetua
769 3906 951 3958 decurionatus
972 3905 1132 3958 immunitate
1146 3906 1315 3970 potiantur.»

285 3991 352 4060 (Dat.
364 3991 415 4042 kal.
429 3991 487 4042 dec.
503 3989 584 4055 (330).
596 3990 672 4055 (cod.
689 3991 826 4046 Tteodor„
840 4003 896 4050 ιιι,
907 3998 926 4043 ι.
943 3993 968 4050 8,
984 3992 1002 4042 l.
1015 3990 1053 4057 2.)

319 4076 356 4140 (b)
374 4094 387 4124 ι
401 4076 427 4128 si
439 4077 497 4141 quis
507 4076 652 4127 iudeorum
664 4075 832 4126 christianum
842 4077 995 4141 mancipium
1005 4079 1044 4128 rei
1056 4075 1194 4140 cujuslibet
1210 4074 1316 4128 ulterius

284 4167 362 4214 secte
372 4168 498 4212 mercatus
508 4158 705 4217 circumciderit.
717 4160 821 4210 minime
833 4161 858 4210 in
868 4162 992 4212 servitute
1000 4162 1110 4212 retineat
1119 4161 1315 4221 circumcisum

283 4245 330 4298 sed
351 4243 476 4298 libertatis
496 4243 644 4310 privilegiis,
659 4243 704 4309 qui
723 4243 772 4296 lroc
790 4244 951 4308 sustinuerit,
964 4244 1087 4310 potiatur.
1102 4263 1115 4292 ι
1133 4246 1171 4311 (ιι
1184 4244 1239 4297 kal.
1254 4257 1314 4296 nor.

283 4328 363 4399 (aas).
377 4328 455 4397 (cod.
467 4329 605 4389 ammon,
620 4340 674 4392 ιιι,
690 4334 710 4380 ι.
725 4329 753 4392 9,
768 4329 788 4382 l.
806 4327 842 4395 l.)
