3054 5046
572 545 732 610 ..13-

135 697 312 764 oppressus,
333 700 463 762 querna
485 682 548 745 Deo
568 683 666 745 ultore
683 684 812 744 missum
836 684 989 747 christiani
1007 683 1162 765 rebantur,

133 799 241 860 pacem
262 779 431 842 christianis
450 783 606 861 concessit,
629 787 659 844 et
682 783 817 844 solemne
835 783 979 861 edictum,
1001 783 1061 862 cui,
1084 785 1165 864 apud

132 878 316 958 Eusebium,
329 879 452 958 Galerii,
465 880 650 942 Constantini
664 885 694 942 et
707 881 813 942 Licinii
822 882 1030 962 Augustorum
1043 882 1165 945 nomina

132 976 355 1056 inscribuntur,
371 979 581 1058 promulgavit.
604 979 691 1051 Quod
705 979 830 1060 quidem
844 981 976 1042 edictum
995 981 1076 1060 apud
1089 981 1165 1042 Lac-

132 1075 497 1157 tantiumlegitur,neque
507 1078 611 1140 Graeca
620 1077 743 1139 Eusebii
752 1079 849 1141 versio
859 1078 1009 1140 abeorum
1019 1078 1167 1158 scriptura

132 1173 296 1255 discrepat,
312 1174 371 1236 nisi
385 1177 466 1255 quod
479 1195 541 1256 eos,
557 1177 669 1257 quillus
682 1177 782 1258 reipsa
791 1178 959 1258 indulgent,
969 1179 1166 1259 imperatores
1194 1197 1196 1203 ·

131 1269 227 1332 etiam
240 1271 340 1332 verbis
352 1272 548 1335 insectantur.
898 1289 901 1295 '

175 1367 280 1431 Inhoc
293 1370 388 1432 edicto
398 1371 537 1433 Galerius
547 1391 664 1434 sevana
675 1377 806 1434 tentasse
816 1372 976 1451 fatebatur,
992 1391 1064 1433 oum
1073 1372 1168 1434 chris-

132 1468 233 1530 tianos
250 1471 289 1532 ad
306 1476 444 1533 veterum
456 1473 590 1535 instituta
608 1491 696 1554 posse
711 1474 844 1535 revocari
858 1473 1040 1535 confidisset.
1056 1473 1167 1535 Multos

133 1569 258 1647 punitos
275 1569 369 1632 fuisse
381 1571 560 1652 declarabat,
576 1573 689 1633 multos
699 1572 871 1634 deturbatos
884 1569 941 1654 (t),
953 1572 1102 1652 plurimos
1115 1591 1168 1633 au-

132 1669 199 1728 tern
221 1685 428 1746 perseverasse
447 1687 454 1730 :
475 1669 546 1731 hinc
564 1670 697 1731 multum
714 1670 746 1730 in
763 1675 823 1731 toto
841 1669 913 1731 orbe
937 1669 1168 1751 perturbationis

132 1784 215 1844 esse,
232 1769 314 1848 quod
327 1769 406 1830 cives
423 1771 512 1831 multi
528 1791 585 1832 nec
603 1771 681 1834 Deos
697 1778 846 1850 veterum,
861 1790 918 1832 nec
935 1772 1000 1851 jam
1014 1770 1169 1833 Christum

133 1880 230 1924 suum
244 1863 346 1946 (cujus
359 1885 420 1928 arae
440 1873 470 1928 et
487 1869 568 1929 aedes
582 1888 619 1930 ex
634 1868 738 1930 edictis
754 1869 862 1929 dirutae
872 1866 985 1948 jacent)
999 1867 1166 1929 observant.

133 1961 174 2024 Se
185 1962 277 2042 igitur
289 1964 327 2025 iis
340 1965 559 2045 indulgentiam
572 1984 659 2027 suam
669 1965 823 2047 porrigere
834 1972 870 2028 ut
882 1967 986 2027 denuo
1000 1965 1169 2026 christiani

134 2063 212 2137 sint,
230 2067 260 2122 et
271 2064 477 2126 conventicula
491 2070 683 2146 componant,
699 2064 740 2126 ita
752 2070 855 2126 tamen
864 2083 907 2135 ne
922 2065 995 2144 quid
1007 2069 1109 2125 contra
1121 2064 1168 2125 le-

134 2178 192 2238 ges
210 2159 272 2221 liat.
288 2160 325 2221 In
340 2161 430 2223 edicti
450 2162 511 2224 fine
530 2162 670 2225 Galerius
690 2162 867 2224 christianos
881 2162 1007 2242 jubebat
1025 2179 1080 2242 pro
1099 2177 1168 2238 sua,

133 2275 193 2336 pro
205 2257 342 2337 ipsorum
355 2265 385 2320 et
397 2259 583 2341 Reipublicae
597 2261 694 2321 salute
709 2260 808 2320 Deum
823 2279 921 2322 orare.

177 2354 287 2416 Nescio
301 2376 340 2417 an
354 2375 442 2437 aequo
456 2362 485 2419 et
498 2357 602 2419 libenti
613 2355 713 2418 animo
726 2357 781 2418 has
794 2357 909 2417 litteras
918 2355 1071 2436 scripserit
1086 2355 1172 2416 Gale-
1228 2391 1233 2395 -

135 2452 215 2532 rius,
227 2459 257 2514 at
266 2457 347 2516 certa
356 2455 512 2516 latendum
522 2461 578 2535 est,
591 2457 623 2516 in
633 2457 681 2516 his
690 2456 795 2536 pacem
810 2457 839 2515 et
856 2453 1025 2514 libertatem
1039 2451 1173 2512 christia·

135 2550 186 2612 nis
195 2551 285 2631 plene
295 2553 453 2631 contineri,
462 2572 530 2633 quae
538 2571 576 2615 ne
584 2553 709 2614 minime
718 2552 841 2632 quidem
850 2550 1089 2626 imminuuntur,
1099 2550 1173 2609 dum

135 2656 261 2712 cauettu
273 2671 315 2712 rte
324 2651 403 2731 quid
413 2659 524 2714 contre
539 2653 619 2732 leges
633 2653 701 2732 fiat.
715 2651 746 2713 Si
760 2651 843 2712 enim
856 2649 974 2729 corpori
988 2647 1111 2710 cuilibet
1126 2648 1170 2708 ci·
1242 2703 1244 2706 ,

134 2749 188 2810 vili
205 2749 320 2829 aliquid
340 2756 443 2814 contra
455 2751 538 2832 leges
555 2750 655 2812 moliri
669 2749 864 2828 concesseris,
881 2749 983 2810 civitas
995 2745 1095 2808 omnis
1107 2746 1171 2807 dis·

135 2846 270 2910 solvatur
283 2866 406 2910 necesse
420 2855 475 2910 est.
485 2847 668 2910 Maximinus
682 2849 770 2928 cujus
783 2865 895 2908 nornen
904 2845 937 2906 in
950 2844 1045 2906 edicto
1060 2843 1173 2920 deerat,

137 2943 273 3006 Orientis
287 2947 454 3026 provincias
469 2952 536 3028 post
553 2947 735 3009 exstinctum
750 2947 907 3008 Galerium
922 2945 1059 3024 adeptus,
1071 2961 1177 3022 quam·

138 3061 233 3122 quam
250 3043 315 3123 ipse
334 3063 444 3124 parum
458 3064 585 3125 pronam
601 3045 634 3106 in
647 3045 825 3106 christianos
838 3043 1023 3104 voluntatem
1037 3040 1173 3102 declara-

138 3147 234 3220 verat,
260 3161 312 3204 eos
332 3148 446 3222 tamen,
463 3143 531 3206 dato
552 3144 703 3224 exemplo,
721 3142 817 3204 libere
837 3146 1002 3202 conventus
1023 3138 1176 3200 celebrare

139 3257 249 3320 passus
258 3239 311 3322 jest
323 3238 380 3322 (2).
396 3241 476 3301 Tum
492 3240 646 3302 christiani
658 3240 737 3301 inter
758 3244 872 3302 secreta
884 3237 1033 3300 montium
1047 3240 1098 3298 aut
1112 3235 1174 3314 syl·

139 3356 249 3399 varum
269 3356 408 3401 recessus
424 3338 527 3418 abditi,
546 3337 578 3399 in
595 3337 753 3419 publicum
772 3336 893 3417 prodire
906 3337 1076 3415 coeperunt,
1093 3331 1177 3394 aliie

174 3565 211 3634 (t)
228 3565 266 3619 Dc
280 3564 387 3632 huiusce
400 3567 472 3618 verbi
487 3579 565 3618 sensu
584 3579 636 3618 non
656 3561 822 3631 consentiunt
841 3563 1005 3627 interpretes.
1025 3559 1074 3612 alit
1092 3557 1181 3626 legunt

142 3651 293 3716 deturpatos
308 3651 335 3701 id
353 3657 395 3703 est
412 3650 570 3702 atrocissima
585 3651 709 3715 supplicia
724 3661 826 3713 passos,
842 3644 1044 3706 excarnificatam
1058 3645 1180 3695 combus-

141 3741 193 3796 toS,
208 3735 291 3787 oculis
304 3734 345 3787 vel
358 3735 479 3787 auriculis
493 3735 534 3786 vel
549 3735 654 3786 naribus
673 3734 786 3798 priuatos
801 3737 828 3783 et
841 3731 910 3782 varie
922 3729 1046 3791 mutilos;
1061 3729 1104 3779 alii
1118 3728 1182 3779 sitn-

141 3819 245 3885 pltciter
262 3820 295 3872 ad
315 3821 467 3885 supplicium
486 3821 594 3884 ductos;
610 3834 659 3886 ego
681 3819 713 3870 ab
725 3818 857 3884 ,opinione
875 3829 931 3877 sua,
947 3813 974 3866 id
994 3820 1035 3866 cst
1052 3827 1067 3865 a
1086 3814 1182 3878 pietate

143 3922 220 3974 quam
236 3905 432 3973 profitebantur,
448 3906 580 3972 suppliciis
594 3913 640 3957 aut
657 3910 728 3957 metu
741 3897 925 3968 suppliciorum
939 3898 1089 3951 deturbatos
1103 3896 1184 3948 intel-

74 4027 77 4036 ι
141 3992 161 4044 ii
183 4007 210 4046 o.

165 4009 212 4143 g(2)
231 4096 245 4124 a
263 4076 427 4129 Maximinum
438 4076 565 4128 Eusebius
575 4078 700 4126 memorat
711 4085 797 4124 coram
811 4069 947 4122 mandasse
958 4074 987 4119 ut
997 4063 1183 4134 persecutionis

141 4164 183 4215 ris
195 4164 381 4224 remitteretur,
404 4161 463 4214 dein
481 4161 646 4227 magistratus
664 4172 693 4210 se
714 4158 916 4226 invicemhujus
930 4153 1041 4205 mandati
1059 4149 1183 4200 certiores

142 4247 245 4301 iecisse.
261 4247 342 4299 Simul
356 4245 443 4300 Sabini
457 4246 570 4312 praetecti
587 4244 702 4309 adjungit
717 4243 853 4308 epistolam
872 4239 1023 4306 praesidibus
1036 4233 1184 4300 prouincia-

144 4346 202 4384 rum
218 4333 342 4398 scriptam
355 4331 430 4398 cujus
444 4331 513 4384 idem
524 4329 580 4382 iere
595 4334 669 4380 tenor
683 4335 724 4380 est
738 4341 769 4379 ac
780 4325 859 4380 edicti
870 4323 1012 4384 Galeriani;
1028 4329 1129 4387 quoquc
1144 4329 1185 4370 sc·
