<?xml version="1.0" encoding="UTF-8"?>
<!DOCTYPE html PUBLIC "-//W3C//DTD XHTML 1.0 Transitional//EN"
    "http://www.w3.org/TR/xhtml1/DTD/xhtml1-transitional.dtd">
<html xmlns="http://www.w3.org/1999/xhtml" xml:lang="en" lang="en">
 <head>
  <title>
</title>
<meta http-equiv="Content-Type" content="text/html;charset=utf-8" />
  <meta name='ocr-system' content='tesseract 3.04.00' />
  <meta name='ocr-capabilities' content='ocr_page ocr_carea ocr_par ocr_line ocrx_word'/>
</head>
<body>
  <div class='ocr_page' id='page_1' title='image "./deconstantinoim00aubgoog_0042.png"; bbox 0 0 3054 5046; ppageno 0'>
   <div class='ocr_carea' id='block_1_1' title="bbox 574 539 736 602">
    <p class='ocr_par' dir='ltr' id='par_1_1' title="bbox 574 539 736 602">
     <span class='ocr_line' id='line_1_1' title="bbox 574 539 736 602; baseline 0 -14"><span class='ocrx_word' id='word_1_1' title='bbox 574 539 736 602; x_wconf 81' lang='lat'>-33-</span> 
     </span>
    </p>
   </div>
   <div class='ocr_carea' id='block_1_2' title="bbox 139 657 1173 1251">
    <p class='ocr_par' dir='ltr' id='par_1_2' title="bbox 139 657 1173 1149">
     <span class='ocr_line' id='line_1_2' title="bbox 139 657 1170 758; baseline 0.003 -19"><span class='ocrx_word' id='word_1_2' title='bbox 139 700 155 739; x_wconf 81' lang='lat' dir='ltr'>a</span> <span class='ocrx_word' id='word_1_3' title='bbox 178 678 235 739; x_wconf 88' lang='lat' dir='ltr'>sub</span> <span class='ocrx_word' id='word_1_4' title='bbox 252 681 399 758; x_wconf 83' lang='lat' dir='ltr'>praetextu</span> <span class='ocrx_word' id='word_1_5' title='bbox 412 657 550 738; x_wconf 84' lang='lat' dir='ltr'>amicitiae</span> <span class='ocrx_word' id='word_1_6' title='bbox 569 678 662 738; x_wconf 91' lang='lat' dir='ltr'>limen</span> <span class='ocrx_word' id='word_1_7' title='bbox 681 678 805 740; x_wconf 86' lang='lat' dir='ltr'>alterins</span> <span class='ocrx_word' id='word_1_8' title='bbox 819 677 947 758; x_wconf 79' lang='lat' dir='ltr'>ingredi,</span> <span class='ocrx_word' id='word_1_9' title='bbox 965 697 1052 758; x_wconf 88' lang='lat' dir='ltr'>poena</span> <span class='ocrx_word' id='word_1_10' title='bbox 1067 683 1170 742; x_wconf 88' lang='lat' dir='ltr'>contra</span> 
     </span>
     <span class='ocr_line' id='line_1_3' title="bbox 140 775 1170 856; baseline 0.001 -20"><span class='ocrx_word' id='word_1_11' title='bbox 140 796 155 836; x_wconf 81' lang='lat' dir='ltr'>r</span> <span class='ocrx_word' id='word_1_12' title='bbox 179 795 230 837; x_wconf 90' lang='lat' dir='ltr'>eos</span> <span class='ocrx_word' id='word_1_13' title='bbox 240 776 390 856; x_wconf 86' lang='lat' dir='ltr'>proposita</span> <span class='ocrx_word' id='word_1_14' title='bbox 399 776 425 835; x_wconf 89' lang='lat' dir='ltr'>si</span> <span class='ocrx_word' id='word_1_15' title='bbox 435 776 669 855; x_wconf 79' lang='lat' dir='ltr'>contempserint</span> <span class='ocrx_word' id='word_1_16' title='bbox 678 777 787 856; x_wconf 92' lang='lat' dir='ltr'>legem.</span> <span class='ocrx_word' id='word_1_17' title='bbox 801 775 860 847; x_wconf 87' lang='lat' dir='ltr'>Qui</span> <span class='ocrx_word' id='word_1_18' title='bbox 873 795 943 837; x_wconf 85' lang='lat' dir='ltr'>vero</span> <span class='ocrx_word' id='word_1_19' title='bbox 955 776 986 836; x_wconf 92' lang='lat' dir='ltr'>id</span> <span class='ocrx_word' id='word_1_20' title='bbox 995 775 1078 836; x_wconf 86' lang='lat' dir='ltr'>vobis</span> <span class='ocrx_word' id='word_1_21' title='bbox 1092 775 1170 837; x_wconf 83' lang='lat' dir='ltr'>exis-</span> 
     </span>
     <span class='ocr_line' id='line_1_4' title="bbox 140 873 1172 953; baseline 0.002 -19"><span class='ocrx_word' id='word_1_22' title='bbox 140 873 290 934; x_wconf 81' lang='lat' dir='ltr'>‹timatis</span> <span class='ocrx_word' id='word_1_23' title='bbox 317 873 501 950; x_wconf 78' lang='lat' dir='ltr'>conducere,</span> <span class='ocrx_word' id='word_1_24' title='bbox 526 873 603 934; x_wconf 90' lang='lat' dir='ltr'>adite</span> <span class='ocrx_word' id='word_1_25' title='bbox 627 892 694 934; x_wconf 90' lang='lat' dir='ltr'>aras</span> <span class='ocrx_word' id='word_1_26' title='bbox 720 873 855 953; x_wconf 91' lang='lat' dir='ltr'>publicas</span> <span class='ocrx_word' id='word_1_27' title='bbox 874 880 963 953; x_wconf 89' lang='lat' dir='ltr'>atque</span> <span class='ocrx_word' id='word_1_28' title='bbox 988 874 1124 953; x_wconf 90' lang='lat' dir='ltr'>delubra,</span> <span class='ocrx_word' id='word_1_29' title='bbox 1142 880 1172 937; x_wconf 91' lang='lat' dir='ltr'>et</span> 
     </span>
     <span class='ocr_line' id='line_1_5' title="bbox 140 971 1173 1052; baseline 0 -18"><span class='ocrx_word' id='word_1_30' title='bbox 140 993 155 1034; x_wconf 77' lang='lat' dir='ltr'>r</span> <span class='ocrx_word' id='word_1_31' title='bbox 178 971 403 1032; x_wconf 79' lang='lat' dir='ltr'><strong>consuetudinis</strong></span> <span class='ocrx_word' id='word_1_32' title='bbox 416 977 522 1032; x_wconf 88' lang='lat' dir='ltr'>vestrae</span> <span class='ocrx_word' id='word_1_33' title='bbox 531 971 678 1032; x_wconf 88' lang='lat' dir='ltr'>celebrate</span> <span class='ocrx_word' id='word_1_34' title='bbox 692 972 838 1040; x_wconf 88' lang='lat' dir='ltr'>solemnia</span> <span class='ocrx_word' id='word_1_35' title='bbox 853 991 859 1031; x_wconf 93' lang='lat'><strong>:</strong></span> <span class='ocrx_word' id='word_1_36' title='bbox 877 991 932 1032; x_wconf 91' lang='lat' dir='ltr'>nec</span> <span class='ocrx_word' id='word_1_37' title='bbox 942 971 1023 1033; x_wconf 89' lang='lat' dir='ltr'>enim</span> <span class='ocrx_word' id='word_1_38' title='bbox 1034 972 1173 1052; x_wconf 90' lang='lat' dir='ltr'>prohibe-</span> 
     </span>
     <span class='ocr_line' id='line_1_6' title="bbox 140 1067 1167 1149; baseline 0.002 -19"><span class='ocrx_word' id='word_1_39' title='bbox 140 1091 155 1130; x_wconf 78' lang='lat' dir='ltr'>o</span> <span class='ocrx_word' id='word_1_40' title='bbox 178 1089 247 1129; x_wconf 88' lang='lat' dir='ltr'>mus</span> <span class='ocrx_word' id='word_1_41' title='bbox 263 1069 421 1149; x_wconf 88' lang='lat' dir='ltr'>praeteritae</span> <span class='ocrx_word' id='word_1_42' title='bbox 435 1069 639 1148; x_wconf 70' lang='lat' dir='ltr'>usurpationis</span> <span class='ocrx_word' id='word_1_43' title='bbox 653 1067 753 1129; x_wconf 79' lang='lat' dir='ltr'>officia</span> <span class='ocrx_word' id='word_1_44' title='bbox 766 1069 861 1130; x_wconf 87' lang='lat' dir='ltr'>libera</span> <span class='ocrx_word' id='word_1_45' title='bbox 875 1069 943 1130; x_wconf 88' lang='lat' dir='ltr'>lucc</span> <span class='ocrx_word' id='word_1_46' title='bbox 955 1070 1086 1131; x_wconf 88' lang='lat' dir='ltr'>tractari.</span> <span class='ocrx_word' id='word_1_47' title='bbox 1099 1070 1167 1132; x_wconf 92' lang='lat' dir='ltr'>Dat.</span> 
     </span>
    </p>

    <p class='ocr_par' dir='ltr' id='par_1_3' title="bbox 140 1167 1172 1251">
     <span class='ocr_line' id='line_1_7' title="bbox 140 1167 1172 1251; baseline 0.001 -22"><span class='ocrx_word' id='word_1_48' title='bbox 140 1187 156 1229; x_wconf 82' lang='lat' dir='ltr'>a</span> <span class='ocrx_word' id='word_1_49' title='bbox 177 1169 254 1230; x_wconf 90' lang='lat' dir='ltr'>Idib.</span> <span class='ocrx_word' id='word_1_50' title='bbox 266 1169 346 1230; x_wconf 90' lang='lat' dir='ltr'>Maii.</span> <span class='ocrx_word' id='word_1_51' title='bbox 357 1169 594 1230; x_wconf 81' lang='lat' dir='ltr'>Constantinoll.</span> <span class='ocrx_word' id='word_1_52' title='bbox 604 1169 667 1230; x_wconf 85' lang='lat' dir='ltr'>Vct</span> <span class='ocrx_word' id='word_1_53' title='bbox 674 1169 786 1230; x_wconf 89' lang='lat' dir='ltr'>Licinio</span> <span class='ocrx_word' id='word_1_54' title='bbox 795 1170 871 1232; x_wconf 90' lang='lat' dir='ltr'>Caes.</span> <span class='ocrx_word' id='word_1_55' title='bbox 884 1168 968 1230; x_wconf 88' lang='lat' dir='ltr'>Coss.</span> <span class='ocrx_word' id='word_1_56' title='bbox 982 1167 1068 1249; x_wconf 81' lang='lat'>(319)</span> <span class='ocrx_word' id='word_1_57' title='bbox 1081 1167 1137 1251; x_wconf 80' lang='lat'>(1).</span> <span class='ocrx_word' id='word_1_58' title='bbox 1156 1189 1172 1230; x_wconf 79' lang='lat' dir='ltr'>a</span> 
     </span>
    </p>
   </div>
   <div class='ocr_carea' id='block_1_3' title="bbox 178 1310 1088 1391">
    <p class='ocr_par' dir='ltr' id='par_1_4' title="bbox 178 1310 1088 1391">
     <span class='ocr_line' id='line_1_8' title="bbox 178 1310 1088 1391; baseline -0.002 -19"><span class='ocrx_word' id='word_1_59' title='bbox 178 1310 257 1372; x_wconf 87' lang='lat' dir='ltr'>Item</span> <span class='ocrx_word' id='word_1_60' title='bbox 271 1311 390 1372; x_wconf 91' lang='lat' dir='ltr'>duobus</span> <span class='ocrx_word' id='word_1_61' title='bbox 403 1317 470 1391; x_wconf 87' lang='lat' dir='ltr'>post</span> <span class='ocrx_word' id='word_1_62' title='bbox 481 1310 567 1372; x_wconf 89' lang='lat' dir='ltr'>annis</span> <span class='ocrx_word' id='word_1_63' title='bbox 581 1310 619 1372; x_wconf 87' lang='lat' dir='ltr'>de</span> <span class='ocrx_word' id='word_1_64' title='bbox 628 1311 751 1390; x_wconf 87' lang='lat' dir='ltr'>magicis</span> <span class='ocrx_word' id='word_1_65' title='bbox 762 1311 876 1372; x_wconf 88' lang='lat' dir='ltr'>artibus</span> <span class='ocrx_word' id='word_1_66' title='bbox 886 1311 1088 1373; x_wconf 78' lang='lat' dir='ltr'>sanciebatur:</span> 
     </span>
    </p>
   </div>
   <div class='ocr_carea' id='block_1_4' title="bbox 263 1496 961 1580">
    <p class='ocr_par' dir='ltr' id='par_1_5' title="bbox 263 1496 961 1580">
     <span class='ocr_line' id='line_1_9' title="bbox 263 1496 961 1580; baseline 0.001 -23"><span class='ocrx_word' id='word_1_67' title='bbox 263 1575 265 1580; x_wconf 23' lang='grc' dir='ltr'>Ι</span> <span class='ocrx_word' id='word_1_68' title='bbox 361 1496 590 1558; x_wconf 78' lang='lat' dir='ltr'>Constantinus</span> <span class='ocrx_word' id='word_1_69' title='bbox 603 1496 642 1558; x_wconf 88' lang='lat' dir='ltr'>A.</span> <span class='ocrx_word' id='word_1_70' title='bbox 659 1498 703 1557; x_wconf 86' lang='lat' dir='ltr'>ad</span> <span class='ocrx_word' id='word_1_71' title='bbox 714 1497 853 1558; x_wconf 80' lang='lat' dir='ltr'>Bassum</span> <span class='ocrx_word' id='word_1_72' title='bbox 866 1496 905 1558; x_wconf 91' lang='lat' dir='ltr'>P.</span> <span class='ocrx_word' id='word_1_73' title='bbox 928 1496 961 1558; x_wconf 89' lang='lat' dir='ltr'>V.</span> 
     </span>
    </p>
   </div>
   <div class='ocr_carea' id='block_1_5' title="bbox 145 1645 1179 1824">
    <p class='ocr_par' dir='ltr' id='par_1_6' title="bbox 145 1645 1179 1824">
     <span class='ocr_line' id='line_1_10' title="bbox 179 1645 1176 1726; baseline 0 -18"><span class='ocrx_word' id='word_1_74' title='bbox 179 1668 200 1708; x_wconf 79' lang='lat' dir='ltr'>n</span> <span class='ocrx_word' id='word_1_75' title='bbox 222 1647 339 1706; x_wconf 84' lang='lat' dir='ltr'>Eorum</span> <span class='ocrx_word' id='word_1_76' title='bbox 352 1650 398 1706; x_wconf 91' lang='lat' dir='ltr'>est</span> <span class='ocrx_word' id='word_1_77' title='bbox 410 1645 533 1706; x_wconf 88' lang='lat' dir='ltr'>scientia</span> <span class='ocrx_word' id='word_1_78' title='bbox 549 1645 701 1725; x_wconf 88' lang='lat' dir='ltr'>punienda</span> <span class='ocrx_word' id='word_1_79' title='bbox 717 1650 747 1708; x_wconf 89' lang='lat' dir='ltr'>et</span> <span class='ocrx_word' id='word_1_80' title='bbox 767 1645 964 1707; x_wconf 88' lang='lat' dir='ltr'>severissimis</span> <span class='ocrx_word' id='word_1_81' title='bbox 980 1647 1087 1707; x_wconf 88' lang='lat' dir='ltr'>merito</span> <span class='ocrx_word' id='word_1_82' title='bbox 1100 1648 1176 1726; x_wconf 89' lang='lat' dir='ltr'>legi·</span> 
     </span>
     <span class='ocr_line' id='line_1_11' title="bbox 145 1744 1179 1824; baseline 0 -17"><span class='ocrx_word' id='word_1_83' title='bbox 145 1767 161 1807; x_wconf 78' lang='lat' dir='ltr'>n</span> <span class='ocrx_word' id='word_1_84' title='bbox 182 1745 241 1806; x_wconf 91' lang='lat' dir='ltr'>bus</span> <span class='ocrx_word' id='word_1_85' title='bbox 247 1744 435 1822; x_wconf 88' lang='lat' dir='ltr'>vindicanda,</span> <span class='ocrx_word' id='word_1_86' title='bbox 448 1745 499 1824; x_wconf 91' lang='lat' dir='ltr'>qui</span> <span class='ocrx_word' id='word_1_87' title='bbox 509 1744 633 1822; x_wconf 88' lang='lat' dir='ltr'>magicis</span> <span class='ocrx_word' id='word_1_88' title='bbox 642 1744 768 1806; x_wconf 85' lang='lat' dir='ltr'>adcincti</span> <span class='ocrx_word' id='word_1_89' title='bbox 778 1745 893 1806; x_wconf 86' lang='lat' dir='ltr'>artibus</span> <span class='ocrx_word' id='word_1_90' title='bbox 904 1750 955 1805; x_wconf 89' lang='lat' dir='ltr'>aut</span> <span class='ocrx_word' id='word_1_91' title='bbox 967 1750 1070 1806; x_wconf 89' lang='lat' dir='ltr'>contra</span> <span class='ocrx_word' id='word_1_92' title='bbox 1082 1747 1179 1807; x_wconf 90' lang='lat' dir='ltr'>homi·</span> 
     </span>
    </p>
   </div>
   <div class='ocr_carea' id='block_1_6' title="bbox 146 1935 1195 2612">
    <p class='ocr_par' dir='ltr' id='par_1_7' title="bbox 146 1935 1195 2612">
     <span class='ocr_line' id='line_1_12' title="bbox 146 1935 1195 2023; baseline 0.001 -19"><span class='ocrx_word' id='word_1_93' title='bbox 146 1963 162 2004; x_wconf 73' lang='lat' dir='ltr'>e</span> <span class='ocrx_word' id='word_1_94' title='bbox 186 1962 252 2013; x_wconf 90' lang='lat' dir='ltr'>mos</span> <span class='ocrx_word' id='word_1_95' title='bbox 278 1942 483 2020; x_wconf 87' lang='lat' dir='ltr'>detegentur:</span> <span class='ocrx_word' id='word_1_96' title='bbox 506 1941 606 2001; x_wconf 90' lang='lat' dir='ltr'>Nullis</span> <span class='ocrx_word' id='word_1_97' title='bbox 627 1961 698 2002; x_wconf 88' lang='lat' dir='ltr'>vero</span> <span class='ocrx_word' id='word_1_98' title='bbox 723 1941 982 2003; x_wconf 89' lang='lat' dir='ltr'>criminationibus</span> <span class='ocrx_word' id='word_1_99' title='bbox 1002 1935 1195 2023; x_wconf 74' lang='lat' dir='ltr'>implicanda*</span> 
     </span>
     <span class='ocr_line' id='line_1_13' title="bbox 147 2039 1184 2120; baseline 0.002 -19"><span class='ocrx_word' id='word_1_100' title='bbox 147 2062 163 2102; x_wconf 80' lang='lat' dir='ltr'>r</span> <span class='ocrx_word' id='word_1_101' title='bbox 187 2046 257 2101; x_wconf 93' lang='lat' dir='ltr'>sunt</span> <span class='ocrx_word' id='word_1_102' title='bbox 269 2040 403 2100; x_wconf 90' lang='lat' dir='ltr'>remedia</span> <span class='ocrx_word' id='word_1_103' title='bbox 416 2039 560 2100; x_wconf 91' lang='lat' dir='ltr'>humanis</span> <span class='ocrx_word' id='word_1_104' title='bbox 573 2040 699 2118; x_wconf 88' lang='lat' dir='ltr'>quaesita</span> <span class='ocrx_word' id='word_1_105' title='bbox 713 2039 891 2120; x_wconf 87' lang='lat' dir='ltr'>corporibus</span> <span class='ocrx_word' id='word_1_106' title='bbox 905 2041 1001 2100; x_wconf 90' lang='lat' dir='ltr'>autin</span> <span class='ocrx_word' id='word_1_107' title='bbox 1015 2041 1184 2120; x_wconf 82' lang='lat' dir='ltr'>agrestibus</span> 
     </span>
     <span class='ocr_line' id='line_1_14' title="bbox 149 2138 1185 2216; baseline 0 -15"><span class='ocrx_word' id='word_1_108' title='bbox 149 2160 165 2201; x_wconf 80' lang='lat' dir='ltr'>r</span> <span class='ocrx_word' id='word_1_109' title='bbox 188 2139 262 2200; x_wconf 92' lang='lat' dir='ltr'>locis</span> <span class='ocrx_word' id='word_1_110' title='bbox 275 2138 456 2200; x_wconf 79' lang='lat' dir='ltr'>ne&#39;maturis</span> <span class='ocrx_word' id='word_1_111' title='bbox 468 2138 627 2199; x_wconf 87' lang='lat' dir='ltr'>vindemiis</span> <span class='ocrx_word' id='word_1_112' title='bbox 641 2143 852 2199; x_wconf 86' lang='lat' dir='ltr'>metuerentur</span> <span class='ocrx_word' id='word_1_113' title='bbox 863 2138 989 2216; x_wconf 89' lang='lat' dir='ltr'>imbres,</span> <span class='ocrx_word' id='word_1_114' title='bbox 1004 2144 1057 2200; x_wconf 89' lang='lat' dir='ltr'>aut</span> <span class='ocrx_word' id='word_1_115' title='bbox 1069 2141 1185 2201; x_wconf 87' lang='lat' dir='ltr'>ruentis</span> 
     </span>
     <span class='ocr_line' id='line_1_15' title="bbox 149 2235 1180 2316; baseline 0 -18"><span class='ocrx_word' id='word_1_116' title='bbox 149 2259 165 2298; x_wconf 73' lang='grc' dir='ltr'>ι(</span> <span class='ocrx_word' id='word_1_117' title='bbox 187 2237 342 2315; x_wconf 84' lang='lat' dir='ltr'>grandinis</span> <span class='ocrx_word' id='word_1_118' title='bbox 356 2235 534 2316; x_wconf 88' lang='lat' dir='ltr'>lapidatione</span> <span class='ocrx_word' id='word_1_119' title='bbox 548 2241 755 2316; x_wconf 90' lang='lat' dir='ltr'>quaterentur,</span> <span class='ocrx_word' id='word_1_120' title='bbox 776 2236 952 2298; x_wconf 88' lang='lat' dir='ltr'>innocenter</span> <span class='ocrx_word' id='word_1_121' title='bbox 965 2237 1096 2298; x_wconf 90' lang='lat' dir='ltr'>adhibita</span> <span class='ocrx_word' id='word_1_122' title='bbox 1114 2239 1180 2298; x_wconf 81' lang='lat' dir='ltr'>sui-</span> 
     </span>
     <span class='ocr_line' id='line_1_16' title="bbox 149 2333 1183 2414; baseline 0.001 -20"><span class='ocrx_word' id='word_1_123' title='bbox 149 2355 165 2394; x_wconf 78' lang='lat'><strong>«</strong></span> <span class='ocrx_word' id='word_1_124' title='bbox 188 2334 282 2412; x_wconf 86' lang='lat' dir='ltr'>fragia</span> <span class='ocrx_word' id='word_1_125' title='bbox 296 2334 408 2414; x_wconf 89' lang='lat' dir='ltr'>quibus</span> <span class='ocrx_word' id='word_1_126' title='bbox 425 2353 485 2395; x_wconf 92' lang='lat' dir='ltr'>non</span> <span class='ocrx_word' id='word_1_127' title='bbox 499 2335 647 2413; x_wconf 88' lang='lat' dir='ltr'>cujusque</span> <span class='ocrx_word' id='word_1_128' title='bbox 662 2334 745 2394; x_wconf 91' lang='lat' dir='ltr'>salus</span> <span class='ocrx_word' id='word_1_129' title='bbox 758 2338 810 2394; x_wconf 90' lang='lat' dir='ltr'>aut</span> <span class='ocrx_word' id='word_1_130' title='bbox 819 2333 999 2394; x_wconf 83' lang='lat' dir='ltr'>existimatio</span> <span class='ocrx_word' id='word_1_131' title='bbox 1009 2335 1183 2412; x_wconf 66' lang='lat' dir='ltr'>laederetur,</span> 
     </span>
     <span class='ocr_line' id='line_1_17' title="bbox 150 2432 1183 2512; baseline -0.001 -18"><span class='ocrx_word' id='word_1_132' title='bbox 150 2453 166 2494; x_wconf 75' lang='lat' dir='ltr'>r</span> <span class='ocrx_word' id='word_1_133' title='bbox 188 2433 242 2494; x_wconf 90' lang='lat' dir='ltr'>sed</span> <span class='ocrx_word' id='word_1_134' title='bbox 258 2451 390 2512; x_wconf 88' lang='lat' dir='ltr'>quorum</span> <span class='ocrx_word' id='word_1_135' title='bbox 408 2432 589 2512; x_wconf 87' lang='lat' dir='ltr'>proficerent</span> <span class='ocrx_word' id='word_1_136' title='bbox 606 2438 690 2492; x_wconf 88' lang='lat' dir='ltr'>actus</span> <span class='ocrx_word' id='word_1_137' title='bbox 707 2451 745 2492; x_wconf 95' lang='lat' dir='ltr'>ne</span> <span class='ocrx_word' id='word_1_138' title='bbox 760 2432 859 2492; x_wconf 88' lang='lat' dir='ltr'>divina</span> <span class='ocrx_word' id='word_1_139' title='bbox 875 2451 1004 2493; x_wconf 91' lang='lat' dir='ltr'>munera</span> <span class='ocrx_word' id='word_1_140' title='bbox 1018 2439 1048 2492; x_wconf 91' lang='lat' dir='ltr'>et</span> <span class='ocrx_word' id='word_1_141' title='bbox 1064 2432 1183 2494; x_wconf 89' lang='lat' dir='ltr'>labores</span> 
     </span>
     <span class='ocr_line' id='line_1_18' title="bbox 151 2529 1183 2612; baseline 0 -22"><span class='ocrx_word' id='word_1_142' title='bbox 151 2551 166 2590; x_wconf 80' lang='lat' dir='ltr'>a</span> <span class='ocrx_word' id='word_1_143' title='bbox 188 2531 346 2592; x_wconf 90' lang='lat' dir='ltr'>hominum</span> <span class='ocrx_word' id='word_1_144' title='bbox 357 2535 575 2592; x_wconf 84' lang='lat' dir='ltr'>sternerentur.</span> <span class='ocrx_word' id='word_1_145' title='bbox 592 2530 672 2611; x_wconf 90' lang='lat' dir='ltr'>(Dat.</span> <span class='ocrx_word' id='word_1_146' title='bbox 687 2529 726 2590; x_wconf 87' lang='lat' dir='ltr'>X.</span> <span class='ocrx_word' id='word_1_147' title='bbox 740 2530 807 2591; x_wconf 90' lang='lat' dir='ltr'>Kal.</span> <span class='ocrx_word' id='word_1_148' title='bbox 822 2530 883 2591; x_wconf 87' lang='lat' dir='ltr'>lul.</span> <span class='ocrx_word' id='word_1_149' title='bbox 903 2529 1062 2610; x_wconf 82' lang='lat' dir='ltr'>Aquileiae,</span> <span class='ocrx_word' id='word_1_150' title='bbox 1078 2531 1183 2612; x_wconf 90' lang='lat' dir='ltr'>Crispo</span> 
     </span>
    </p>
   </div>
   <div class='ocr_carea' id='block_1_7' title="bbox 27 2626 824 2710">
    <p class='ocr_par' dir='ltr' id='par_1_8' title="bbox 27 2626 824 2710">
     <span class='ocr_line' id='line_1_19' title="bbox 27 2626 824 2710; baseline -0.004 -19"><span class='ocrx_word' id='word_1_151' title='bbox 27 2635 29 2640; x_wconf 87' lang='lat'>&#39;</span> <span class='ocrx_word' id='word_1_152' title='bbox 152 2651 168 2691; x_wconf 78' lang='lat' dir='ltr'>n</span> <span class='ocrx_word' id='word_1_153' title='bbox 189 2634 220 2690; x_wconf 87' lang='lat' dir='ltr'>et</span> <span class='ocrx_word' id='word_1_154' title='bbox 231 2628 422 2690; x_wconf 89' lang='lat' dir='ltr'>Constantino</span> <span class='ocrx_word' id='word_1_155' title='bbox 437 2629 529 2689; x_wconf 90' lang='lat' dir='ltr'>Caess.</span> <span class='ocrx_word' id='word_1_156' title='bbox 542 2629 626 2690; x_wconf 90' lang='lat' dir='ltr'>Coss.</span> <span class='ocrx_word' id='word_1_157' title='bbox 639 2626 790 2710; x_wconf 73' lang='lat'>(321)(2).</span> <span class='ocrx_word' id='word_1_158' title='bbox 808 2648 824 2688; x_wconf 86' lang='lat' dir='ltr'>n</span> 
     </span>
    </p>
   </div>
   <div class='ocr_carea' id='block_1_8' title="bbox 153 2784 1255 2946">
    <p class='ocr_par' dir='ltr' id='par_1_9' title="bbox 153 2784 1255 2946">
     <span class='ocr_line' id='line_1_20' title="bbox 191 2784 1255 2865; baseline -0.002 -19"><span class='ocrx_word' id='word_1_159' title='bbox 191 2787 308 2846; x_wconf 86' lang='lat' dir='ltr'>Eodem</span> <span class='ocrx_word' id='word_1_160' title='bbox 324 2785 414 2847; x_wconf 90' lang='lat' dir='ltr'>etiarn</span> <span class='ocrx_word' id='word_1_161' title='bbox 427 2804 505 2846; x_wconf 89' lang='lat' dir='ltr'>anno</span> <span class='ocrx_word' id='word_1_162' title='bbox 519 2785 556 2845; x_wconf 90' lang='lat' dir='ltr'>de</span> <span class='ocrx_word' id='word_1_163' title='bbox 572 2784 780 2865; x_wconf 84' lang='lat' dir='ltr'>Haruspicinae</span> <span class='ocrx_word' id='word_1_164' title='bbox 795 2803 855 2845; x_wconf 86' lang='lat' dir='ltr'>usu</span> <span class='ocrx_word' id='word_1_165' title='bbox 869 2784 1054 2846; x_wconf 86' lang='lat' dir='ltr'>Constantini</span> <span class='ocrx_word' id='word_1_166' title='bbox 1070 2784 1181 2845; x_wconf 90' lang='lat' dir='ltr'>consti·</span> <span class='ocrx_word' id='word_1_167' title='bbox 1253 2805 1255 2810; x_wconf 94' lang='lat'>·</span> 
     </span>
     <span class='ocr_line' id='line_1_21' title="bbox 153 2884 458 2946; baseline -0.01 -1"><span class='ocrx_word' id='word_1_168' title='bbox 153 2884 268 2946; x_wconf 88' lang='lat' dir='ltr'>tutione</span> <span class='ocrx_word' id='word_1_169' title='bbox 282 2884 458 2946; x_wconf 85' lang='lat' dir='ltr'>cavebatur:</span> 
     </span>
    </p>
   </div>
   <div class='ocr_carea' id='block_1_9' title="bbox 345 3058 987 3144">
    <p class='ocr_par' dir='ltr' id='par_1_10' title="bbox 345 3058 987 3144">
     <span class='ocr_line' id='line_1_22' title="bbox 345 3058 987 3144; baseline -0.002 -24"><span class='ocrx_word' id='word_1_170' title='bbox 345 3060 427 3138; x_wconf 85' lang='lat' dir='ltr'>Imp.</span> <span class='ocrx_word' id='word_1_171' title='bbox 444 3059 672 3120; x_wconf 81' lang='lat' dir='ltr'>Constantinus</span> <span class='ocrx_word' id='word_1_172' title='bbox 687 3058 723 3120; x_wconf 82' lang='lat' dir='ltr'>A.</span> <span class='ocrx_word' id='word_1_173' title='bbox 741 3059 785 3120; x_wconf 86' lang='lat' dir='ltr'>ad</span> <span class='ocrx_word' id='word_1_174' title='bbox 795 3059 987 3144; x_wconf 70' lang='lat' dir='ltr'>Marcianum.</span> 
     </span>
    </p>
   </div>
   <div class='ocr_carea' id='block_1_10' title="bbox 158 3201 1222 4071">
    <p class='ocr_par' dir='ltr' id='par_1_11' title="bbox 158 3201 1222 4071">
     <span class='ocr_line' id='line_1_23' title="bbox 196 3201 1187 3292; baseline -0.003 -19"><span class='ocrx_word' id='word_1_175' title='bbox 196 3233 212 3273; x_wconf 80' lang='lat' dir='ltr'>s</span> <span class='ocrx_word' id='word_1_176' title='bbox 235 3211 267 3274; x_wconf 90' lang='lat' dir='ltr'>Si</span> <span class='ocrx_word' id='word_1_177' title='bbox 288 3210 362 3292; x_wconf 90' lang='lat' dir='ltr'>quid</span> <span class='ocrx_word' id='word_1_178' title='bbox 373 3201 419 3271; x_wconf 78' lang='lat' dir='ltr'>&#39;de</span> <span class='ocrx_word' id='word_1_179' title='bbox 437 3210 550 3271; x_wconf 90' lang='lat' dir='ltr'>Palatio</span> <span class='ocrx_word' id='word_1_180' title='bbox 570 3215 672 3270; x_wconf 90' lang='lat' dir='ltr'>nostro</span> <span class='ocrx_word' id='word_1_181' title='bbox 691 3214 742 3271; x_wconf 84' lang='lat' dir='ltr'>aut</span> <span class='ocrx_word' id='word_1_182' title='bbox 765 3211 880 3270; x_wconf 86' lang='lat' dir='ltr'>caeteris</span> <span class='ocrx_word' id='word_1_183' title='bbox 901 3210 1043 3290; x_wconf 90' lang='lat' dir='ltr'>operibus</span> <span class='ocrx_word' id='word_1_184' title='bbox 1057 3209 1187 3290; x_wconf 87' lang='lat' dir='ltr'>publicis</span> 
     </span>
     <span class='ocr_line' id='line_1_24' title="bbox 158 3307 1187 3390; baseline -0.003 -19"><span class='ocrx_word' id='word_1_185' title='bbox 158 3331 173 3371; x_wconf 80' lang='lat' dir='ltr'>e</span> <span class='ocrx_word' id='word_1_186' title='bbox 195 3310 384 3390; x_wconf 85' lang='lat' dir='ltr'>degustatum</span> <span class='ocrx_word' id='word_1_187' title='bbox 406 3307 527 3387; x_wconf 87' lang='lat' dir='ltr'>fulgure</span> <span class='ocrx_word' id='word_1_188' title='bbox 546 3327 613 3368; x_wconf 90' lang='lat' dir='ltr'>esse</span> <span class='ocrx_word' id='word_1_189' title='bbox 634 3307 814 3386; x_wconf 88' lang='lat' dir='ltr'>constiterit,</span> <span class='ocrx_word' id='word_1_190' title='bbox 837 3312 952 3368; x_wconf 89' lang='lat' dir='ltr'>retento</span> <span class='ocrx_word' id='word_1_191' title='bbox 973 3327 1057 3368; x_wconf 88' lang='lat' dir='ltr'>more</span> <span class='ocrx_word' id='word_1_192' title='bbox 1077 3307 1187 3369; x_wconf 88' lang='lat' dir='ltr'>veteris</span> 
     </span>
     <span class='ocr_line' id='line_1_25' title="bbox 158 3404 1188 3485; baseline -0.005 -16"><span class='ocrx_word' id='word_1_193' title='bbox 158 3427 174 3468; x_wconf 69' lang='lat' dir='ltr'>a</span> <span class='ocrx_word' id='word_1_194' title='bbox 196 3405 389 3469; x_wconf 82' lang='lat' dir='ltr'>observantiae</span> <span class='ocrx_word' id='word_1_195' title='bbox 393 3453 401 3482; x_wconf 96' lang='lat'>,</span> <span class='ocrx_word' id='word_1_196' title='bbox 413 3405 486 3485; x_wconf 90' lang='lat' dir='ltr'>quid</span> <span class='ocrx_word' id='word_1_197' title='bbox 500 3405 666 3485; x_wconf 91' lang='lat' dir='ltr'>portendat,</span> <span class='ocrx_word' id='word_1_198' title='bbox 682 3405 719 3466; x_wconf 89' lang='lat' dir='ltr'>ab</span> <span class='ocrx_word' id='word_1_199' title='bbox 730 3404 949 3485; x_wconf 92' lang='lat' dir='ltr'>Haruspicibus</span> <span class='ocrx_word' id='word_1_200' title='bbox 962 3404 1145 3484; x_wconf 89' lang='lat' dir='ltr'>requiratur,</span> <span class='ocrx_word' id='word_1_201' title='bbox 1158 3410 1188 3466; x_wconf 94' lang='lat' dir='ltr'>et</span> 
     </span>
     <span class='ocr_line' id='line_1_26' title="bbox 159 3501 1185 3584; baseline -0.004 -19"><span class='ocrx_word' id='word_1_202' title='bbox 159 3525 175 3566; x_wconf 79' lang='lat' dir='ltr'>r</span> <span class='ocrx_word' id='word_1_203' title='bbox 197 3504 424 3584; x_wconf 82' lang='lat' dir='ltr'>diligentissime</span> <span class='ocrx_word' id='word_1_204' title='bbox 441 3502 589 3582; x_wconf 88' lang='lat' dir='ltr'>scriptura</span> <span class='ocrx_word' id='word_1_205' title='bbox 606 3502 729 3562; x_wconf 88' lang='lat' dir='ltr'>collecta</span> <span class='ocrx_word' id='word_1_206' title='bbox 746 3501 784 3562; x_wconf 92' lang='lat' dir='ltr'>ad</span> <span class='ocrx_word' id='word_1_207' title='bbox 799 3502 941 3562; x_wconf 90' lang='lat' dir='ltr'>Nostram</span> <span class='ocrx_word' id='word_1_208' title='bbox 959 3501 1120 3564; x_wconf 89' lang='lat' dir='ltr'>Scientiam</span> <span class='ocrx_word' id='word_1_209' title='bbox 1134 3518 1185 3561; x_wconf 89' lang='lat' dir='ltr'>re-</span> 
     </span>
     <span class='ocr_line' id='line_1_27' title="bbox 160 3598 1186 3678; baseline -0.003 -16"><span class='ocrx_word' id='word_1_210' title='bbox 160 3622 175 3662; x_wconf 77' lang='lat'>«</span> <span class='ocrx_word' id='word_1_211' title='bbox 197 3601 327 3663; x_wconf 86' lang='lat' dir='ltr'>feratur:</span> <span class='ocrx_word' id='word_1_212' title='bbox 344 3599 459 3661; x_wconf 88' lang='lat' dir='ltr'>caeteris</span> <span class='ocrx_word' id='word_1_213' title='bbox 478 3599 568 3660; x_wconf 88' lang='lat' dir='ltr'>etiam</span> <span class='ocrx_word' id='word_1_214' title='bbox 589 3599 771 3678; x_wconf 86' lang='lat' dir='ltr'>usurpandae</span> <span class='ocrx_word' id='word_1_215' title='bbox 790 3599 882 3678; x_wconf 83' lang='lat' dir='ltr'>hujus</span> <span class='ocrx_word' id='word_1_216' title='bbox 905 3598 1130 3659; x_wconf 86' lang='lat' dir='ltr'>consuetudinis</span> <span class='ocrx_word' id='word_1_217' title='bbox 1147 3598 1186 3659; x_wconf 89' lang='lat' dir='ltr'>li-</span> 
     </span>
     <span class='ocr_line' id='line_1_28' title="bbox 161 3695 1187 3775; baseline -0.004 -15"><span class='ocrx_word' id='word_1_218' title='bbox 161 3718 177 3759; x_wconf 74' lang='lat' dir='ltr'>t(</span> <span class='ocrx_word' id='word_1_219' title='bbox 198 3699 294 3760; x_wconf 88' lang='lat' dir='ltr'>centia</span> <span class='ocrx_word' id='word_1_220' title='bbox 305 3698 477 3775; x_wconf 87' lang='lat' dir='ltr'>tribuenda,</span> <span class='ocrx_word' id='word_1_221' title='bbox 487 3697 651 3758; x_wconf 92' lang='lat' dir='ltr'>dummodo</span> <span class='ocrx_word' id='word_1_222' title='bbox 661 3696 814 3757; x_wconf 83' lang='lat' dir='ltr'>sacrificiis</span> <span class='ocrx_word' id='word_1_223' title='bbox 828 3695 1187 3772; x_wconf 86' lang='lat' dir='ltr'>domesticisabstineant,</span> 
     </span>
     <span class='ocr_line' id='line_1_29' title="bbox 162 3793 1222 3876; baseline -0.004 -18"><span class='ocrx_word' id='word_1_224' title='bbox 162 3817 178 3857; x_wconf 73' lang='lat' dir='ltr'>a</span> <span class='ocrx_word' id='word_1_225' title='bbox 199 3817 267 3876; x_wconf 86' lang='lat' dir='ltr'>quae</span> <span class='ocrx_word' id='word_1_226' title='bbox 281 3796 450 3876; x_wconf 86' lang='lat' dir='ltr'>specialiter</span> <span class='ocrx_word' id='word_1_227' title='bbox 463 3794 610 3875; x_wconf 88' lang='lat' dir='ltr'>prohibita</span> <span class='ocrx_word' id='word_1_228' title='bbox 624 3799 705 3855; x_wconf 89' lang='lat' dir='ltr'>sunt.</span> <span class='ocrx_word' id='word_1_229' title='bbox 721 3795 797 3856; x_wconf 85' lang='lat' dir='ltr'>Eam</span> <span class='ocrx_word' id='word_1_230' title='bbox 814 3800 915 3858; x_wconf 88' lang='lat' dir='ltr'>autem</span> <span class='ocrx_word' id='word_1_231' title='bbox 930 3793 1190 3855; x_wconf 88' lang='lat' dir='ltr'>denunciationem</span> <span class='ocrx_word' id='word_1_232' title='bbox 1221 3857 1222 3860; x_wconf 61' lang='grc'>,</span> 
     </span>
     <span class='ocr_line' id='line_1_30' title="bbox 163 3889 1191 3973; baseline -0.004 -19"><span class='ocrx_word' id='word_1_233' title='bbox 163 3914 179 3954; x_wconf 74' lang='lat' dir='ltr'>a</span> <span class='ocrx_word' id='word_1_234' title='bbox 200 3899 289 3973; x_wconf 89' lang='lat' dir='ltr'>atque</span> <span class='ocrx_word' id='word_1_235' title='bbox 303 3891 590 3972; x_wconf 86' lang='lat' dir='ltr'>interpretationem,</span> <span class='ocrx_word' id='word_1_236' title='bbox 613 3910 681 3970; x_wconf 86' lang='lat' dir='ltr'>quae</span> <span class='ocrx_word' id='word_1_237' title='bbox 696 3891 733 3951; x_wconf 91' lang='lat' dir='ltr'>de</span> <span class='ocrx_word' id='word_1_238' title='bbox 750 3896 832 3952; x_wconf 88' lang='lat' dir='ltr'>tactu</span> <span class='ocrx_word' id='word_1_239' title='bbox 850 3889 1060 3971; x_wconf 86' lang='lat' dir='ltr'>amphitheatri</span> <span class='ocrx_word' id='word_1_240' title='bbox 1080 3891 1191 3968; x_wconf 90' lang='lat' dir='ltr'>scripta</span> 
     </span>
     <span class='ocr_line' id='line_1_31' title="bbox 164 3985 1191 4071; baseline -0.006 -21"><span class='ocrx_word' id='word_1_241' title='bbox 164 4011 179 4050; x_wconf 81' lang='lat' dir='ltr'>r</span> <span class='ocrx_word' id='word_1_242' title='bbox 201 3997 257 4070; x_wconf 91' lang='lat' dir='ltr'>est,</span> <span class='ocrx_word' id='word_1_243' title='bbox 280 3991 318 4052; x_wconf 90' lang='lat' dir='ltr'>dc</span> <span class='ocrx_word' id='word_1_244' title='bbox 337 4011 398 4071; x_wconf 87' lang='lat' dir='ltr'>qua</span> <span class='ocrx_word' id='word_1_245' title='bbox 417 3989 455 4051; x_wconf 92' lang='lat' dir='ltr'>ad</span> <span class='ocrx_word' id='word_1_246' title='bbox 473 3989 687 4050; x_wconf 89' lang='lat' dir='ltr'>Heraclianum</span> <span class='ocrx_word' id='word_1_247' title='bbox 707 3989 865 4050; x_wconf 88' lang='lat' dir='ltr'>tribunum</span> <span class='ocrx_word' id='word_1_248' title='bbox 882 3994 911 4050; x_wconf 90' lang='lat' dir='ltr'>et</span> <span class='ocrx_word' id='word_1_249' title='bbox 930 3987 1109 4068; x_wconf 86' lang='lat' dir='ltr'>magistrum</span> <span class='ocrx_word' id='word_1_250' title='bbox 1125 3985 1191 4046; x_wconf 84' lang='lat' dir='ltr'>offi-</span> 
     </span>
    </p>
   </div>
   <div class='ocr_carea' id='block_1_11' title="bbox 144 4203 868 4363">
    <p class='ocr_par' dir='ltr' id='par_1_12' title="bbox 144 4203 868 4363">
     <span class='ocr_line' id='line_1_32' title="bbox 144 4203 868 4272; baseline -0.003 -15"><span class='ocrx_word' id='word_1_251' title='bbox 144 4219 148 4226; x_wconf 80' lang='grc'><strong>’</strong></span> <span class='ocrx_word' id='word_1_252' title='bbox 192 4207 228 4272; x_wconf 86' lang='lat' dir='ltr'>(t)</span> <span class='ocrx_word' id='word_1_253' title='bbox 247 4206 311 4259; x_wconf 81' lang='lat' dir='ltr'>cod.</span> <span class='ocrx_word' id='word_1_254' title='bbox 329 4205 468 4264; x_wconf 73' lang='lat' dir='ltr'>Theodec,</span> <span class='ocrx_word' id='word_1_255' title='bbox 483 4204 528 4258; x_wconf 88' lang='lat' dir='ltr'>tib.</span> <span class='ocrx_word' id='word_1_256' title='bbox 542 4215 578 4264; x_wconf 83' lang='lat' dir='ltr'>u,</span> <span class='ocrx_word' id='word_1_257' title='bbox 591 4205 630 4253; x_wconf 78' lang='lat' dir='ltr'>tit.</span> <span class='ocrx_word' id='word_1_258' title='bbox 650 4203 690 4262; x_wconf 79' lang='lat' dir='ltr'>tt,</span> <span class='ocrx_word' id='word_1_259' title='bbox 707 4203 758 4268; x_wconf 82' lang='lat' dir='ltr'>leg.</span> <span class='ocrx_word' id='word_1_260' title='bbox 777 4205 785 4252; x_wconf 89' lang='lat' dir='ltr'>l</span> <span class='ocrx_word' id='word_1_261' title='bbox 803 4209 830 4255; x_wconf 88' lang='lat' dir='ltr'>et</span> <span class='ocrx_word' id='word_1_262' title='bbox 844 4203 868 4255; x_wconf 72' lang='lat' dir='ltr'>t.</span> 
     </span>
     <span class='ocr_line' id='line_1_33' title="bbox 193 4291 768 4363; baseline -0.01 -16"><span class='ocrx_word' id='word_1_263' title='bbox 193 4295 230 4363; x_wconf 58' lang='grc' dir='ltr'>(ἓ)</span> <span class='ocrx_word' id='word_1_264' title='bbox 249 4297 314 4349; x_wconf 80' lang='lat' dir='ltr'>cod.</span> <span class='ocrx_word' id='word_1_265' title='bbox 332 4295 470 4355; x_wconf 68' lang='lat' dir='ltr'>Tnodos„</span> <span class='ocrx_word' id='word_1_266' title='bbox 485 4292 638 4356; x_wconf 78' lang='lat' dir='ltr'>lib.1x,tit.</span> <span class='ocrx_word' id='word_1_267' title='bbox 655 4291 695 4354; x_wconf 81' lang='lat' dir='ltr'>tt,</span> <span class='ocrx_word' id='word_1_268' title='bbox 710 4291 727 4341; x_wconf 94' lang='lat' dir='ltr'>l.</span> <span class='ocrx_word' id='word_1_269' title='bbox 742 4291 768 4342; x_wconf 83' lang='lat'>5.</span> 
     </span>
    </p>
   </div>
   <div class='ocr_carea' id='block_1_12' title="bbox 0 0 1568 5046">
    <p class='ocr_par' dir='ltr' id='par_1_13' title="bbox 0 0 1568 5046">
     <span class='ocr_line' id='line_1_34' title="bbox 0 0 1568 5046; baseline 0 0"><span class='ocrx_word' id='word_1_270' title='bbox 0 0 1568 5046; x_wconf 95' lang='lat' dir='ltr'> </span> 
     </span>
    </p>
   </div>
  </div>
 </body>
</html>
