3054 5046
591 587 745 652 ...1¹1-

160 727 266 808 giones
284 725 460 802 trucidatas,
481 724 582 785 necin
596 723 764 804 legionibus
783 724 908 806 quidem
921 724 1076 786 decimum'
1088 745 1194 808 quem·

162 844 223 905 que
234 822 327 904 virgis
341 841 457 884 caesum
471 822 565 884 fuisse
579 828 703 904 apparet
715 821 772 905 (i).
788 823 825 884 In
838 822 944 885 Galliis
954 829 1035 885 certe
1049 825 1195 888 Constan-

161 924 235 1001 tius,
251 927 371 1002 aocepto
385 921 481 983 edicto
494 921 568 982 adeo
582 941 642 982 non
657 921 757 1002 paruit
769 920 826 1004 (2),
849 926 883 982 ut
901 927 1004 984 contra
1018 922 1194 1004 clementer,

162 1021 289 1083 comiter
305 1039 427 1101 quoque
447 1038 520 1099 erga
533 1019 710 1081 christianos
730 1019 835 1100 egerit,
852 1020 913 1081 imo
931 1021 1033 1099 etiam,
1050 1022 1076 1082 si
1090 1023 1195 1083 credas

162 1118 307 1196 Eusebio,
327 1136 380 1178 eos
398 1117 452 1198 qui
471 1117 537 1179 vitae
552 1122 582 1178 et
593 1118 759 1180 honoribus
771 1118 919 1198 pudorem
937 1119 1148 1199 praetulerunt,
1164 1120 1196 1181 id

162 1222 219 1294 est,
249 1235 343 1296 quam
369 1215 469 1277 animo
488 1214 680 1293 imbiberant,
701 1215 867 1277 doctrinam
887 1216 1094 1298 potiusquam
1116 1217 1194 1278 anri-

163 1314 264 1376 citiam
275 1313 420 1394 principis
434 1331 554 1374 servare
568 1313 754 1391 maluerunt,
769 1313 933 1375 familiares
950 1320 980 1376 et
999 1315 1197 1377 amicissimos

163 1412 304 1475 habuerit
321 1411 377 1494 (3).
393 1411 482 1472 Multi
499 1411 600 1489 etiam,
611 1415 656 1489 ut,
672 1411 778 1491 conjici
791 1417 898 1492 potest,
911 1412 1039 1493 judices,
1056 1415 1196 1476 multitu-

80 1577 84 1586 ,
166 1509 236 1570 dine
255 1509 481 1588 puniendorum
502 1507 610 1585 territi,
626 1508 673 1569 vel
694 1508 885 1570 miseratione
906 1510 979 1570 moti
1001 1510 1034 1570 in
1056 1511 1198 1574 homines

170 1625 304 1688 quorum
317 1608 512 1669 constantiam
529 1626 568 1668 ne
587 1606 796 1668 crudelissima
809 1607 933 1687 quidem
952 1607 1097 1688 supplicia
1119 1610 1199 1671 fran-

166 1726 239 1786 gere
251 1711 399 1786 poterant‚
417 1704 531 1786 aliquid
544 1704 581 1766 de
595 1704 707 1766 saevitia
722 1704 889 1766 edictorum
904 1705 1077 1784 mitigavere
1090 1704 1146 1788 (4).
1159 1707 1199 1768 At

169 1805 202 1866 in
211 1805 285 1886 ipsis
299 1803 419 1884 imperii
431 1803 567 1884 partibus
576 1802 630 1863 ubi
640 1803 803 1863 saevissime
816 1802 854 1863 de
867 1802 1036 1863 christianis
1045 1803 1198 1883 cognitum

164 1909 220 1982 est,
232 1923 330 1985 quum
339 1903 444 1983 plures
458 1901 523 1963 sine
534 1901 625 1965 dubio
635 1920 673 1962 ex
686 1901 738 1963 illa
752 1900 986 1962 christianorum
1005 1901 1198 1963 universitate

165 2147 192 2189 v.
209 2135 250 2202 it)
264 2135 380 2202 Pbrygiae
393 2134 522 2200 quoddam
537 2134 660 2200 oppidum
674 2139 778 2185 narrant
791 2133 937 2187 christianis
953 2135 1076 2188 refertum
1094 2149 1109 2187 a
1130 2136 1201 2188 miii-

164 2224 236 2275 tibus
255 2222 366 2273 iammis
385 2219 465 2272 tuisse
486 2220 640 2285 subiectum,
660 2219 755 2286 quibus
775 2221 910 2271 universus
931 2220 1039 2284 populus
1060 2233 1118 2272 cum
1136 2221 1201 2272 urbe

166 2312 343 2361 concrematus
357 2305 465 2357 interiit.
631 2367 634 2372 Ι
838 2303 840 2308 ’

198 2388 234 2460 (t)
250 2390 298 2442 list
313 2390 382 2456 quod
394 2389 487 2441 credas
501 2387 630 2440 exercitus
649 2388 753 2440 easdem
769 2388 920 2454 plerumque
934 2402 998 2454 quas
1015 2390 1144 2455 principes
1157 2404 1202 2443 re-

164 2477 274 2544 ligiones
287 2475 437 2536 observare,
450 2479 476 2526 et
487 2473 520 2524 de
534 2472 667 2525 divinitate
681 2473 836 2537 opinionem,
850 2479 879 2524 ut
893 2473 1004 2524 mititare
1016 2475 1118 2542 signum
1132 2479 1202 2528 arci·

164 2577 238 2630 pere.
253 2561 436 2614 Constantinus
454 2560 549 2612 milites
561 2559 684 2612 iormuias
698 2570 803 2623 precum
818 2557 906 2609 docuit
919 2558 1013 2622 quibus
1028 2572 1106 2610 unum
1119 2560 1200 2612 Deum

165 2649 313 2701 adorarent.
328 2645 469 2709 Posterius,
481 2645 582 2696 tuliano
598 2647 750 2710 imperante,
764 2641 818 2705 Soli
835 2647 862 2694 et
877 2641 933 2694 aliis
947 2642 999 2694 Diis
1013 2643 1200 2698 sacrificabant.

198 2730 234 2800 (i)
252 2732 402 2784 Lactantius
416 2730 482 2797 (cap.
499 2731 531 2781 ¹6
545 2732 583 2782 De
596 2733 675 2782 mort.
689 2731 833 2794 persecut.)
848 2727 886 2779 sio
900 2727 1017 2780 orditur:
1035 2728 1203 2781 «vexabatur

166 2831 228 2885 ergo
240 2817 361 2870 univmsa
374 2822 442 2868 terra
457 2821 483 2868 et
494 2818 592 2879 proter
603 2815 709 2868 Gotttca
717 2813 750 2865 ab
758 2813 861 2865 Oriente
875 2825 957 2877 usque
970 2812 1003 2865 ad
1016 2825 1134 2864 occasum
1148 2818 1203 2866 tres

166 2903 338 2956 acerbissime
351 2901 442 2953 bestiae
456 2900 630 2953 saeviebant.»
646 2926 677 2938 -
691 2898 781 2951 Edicta
795 2903 880 2950 tamen
895 2897 927 2948 ad
941 2898 1120 2949 Maximianum
1134 2903 1161 2951 et
1169 2901 1202 2951 ati

166 2987 344 3040 musandum
358 2987 459 3038 inerant
473 2987 561 3049 missa,
578 2993 655 3050 atque
669 2984 843 3046 Constantius,
857 2988 887 3035 ut
897 2983 1044 3036 Laotantius
1059 2983 1138 3036 reiert
1151 2985 1201 3050 (Dc

166 3076 247 3126 mort.
260 3074 404 3138 paseat,
420 3085 479 3136 cap.
495 3072 556 3134 itt:
574 3089 587 3118 α
603 3072 640 3122 ite
654 3070 792 3122 dissentire
806 3083 820 3120 a
835 3070 958 3135 majorum
977 3071 1111 3136 preceptis
1127 3072 1204 3125 vide-

167 3162 248 3220 retur,
262 3155 436 3208 conventicula
446 3168 493 3206 seu
505 3154 618 3220 parietes
629 3153 696 3206 dirui
708 3166 799 3219 passus
812 3160 852 3205 est
866 3167 872 3203 ι
888 3167 977 3206 rerum
986 3160 1073 3206 autem
1082 3155 1128 3207 bei
1138 3162 1204 3208 tem·

168 3242 247 3308 pium,
263 3239 333 3306 quod
347 3245 387 3292 est
405 3239 430 3290 in
453 3239 610 3300 bominibus,
631 3238 760 3290 incolume
781 3239 901 3290 servavit.
920 3257 979 3283 ιι-
998 3239 1125 3293 Eusebius
1138 3256 1201 3294 uero

167 3327 343 3381 Constantium
356 3325 452 3377 tradit:
471 3323 673 3376 «persecutioni
693 3323 763 3374 nulio
777 3323 854 3374 modo
868 3335 1001 3374 assensum
1017 3324 1106 3388 fiisse,
1122 3325 1202 3378 immo

168 3424 230 3465 vero
244 3411 300 3476 pios
313 3411 362 3463 sub
376 3411 434 3475 eius
447 3409 581 3475 imperium
595 3408 726 3474 subjectos
740 3407 835 3459 illesos
854 3409 1044 3459 conservavisse
1058 3413 1085 3459 et
1098 3409 1203 3462 incolu-

167 3514 240 3564 men
258 3513 289 3551 ac
299 3511 382 3565 oeque
393 3512 479 3552 sacras
488 3498 661 3550 Ecclesiamm
675 3497 745 3549 aedes
756 3497 877 3557 diruisse,
889 3509 972 3560 noque
985 3496 1053 3548 aliud
1064 3498 1203 3564 quidquam

168 3585 288 3638 maleficii
299 3585 327 3635 in
340 3585 494 3637 christianos
507 3583 613 3637 omnino
627 3584 754 3636 molitum.
774 3601 788 3630 ι
811 3583 892 3647 (Etsi.
913 3582 1011 3643 coeka,
1025 3593 1082 3646 vui,
1102 3581 1145 3634 29.
1167 3613 1202 3624 -

173 3672 226 3724 Vct.
243 3672 346 3730 conat,
361 3670 382 3734 1,
397 3668 434 3735 t.)

201 3752 237 3821 (3)
255 3753 363 3817 duem,
383 3755 437 3808 Vct.
454 3755 563 3814 comt„
572 3764 592 3817 1,
608 3752 649 3805 ii.
663 3779 696 3790 -
710 3750 824 3803 Notanda
837 3755 924 3803 umen
938 3757 998 3802 sunt
1009 3751 1064 3804 bato
1079 3752 1202 3804 baruntii

168 3841 247 3892 verba
259 3854 266 3890 ε
279 3857 293 3886 α
307 3840 431 3908 qucepto
444 3838 551 3903 imperio
566 3837 747 3890 constantinus
755 3839 886 3901 Augustus
899 3836 961 3888 nihii
976 3836 1028 3902 egit
1043 3838 1201 3904 priusquam

169 3924 324 3977 christianos
337 3925 417 3976 cultui
431 3937 460 3976 ac
475 3925 527 3976 beo
545 3935 595 3977 suo
615 3923 724 3976 reddere
741 3924 789 3984 (De
807 3925 888 3974 mort.
906 3926 1050 3987 peceati,
1071 3935 1126 3988 cap.
1148 3923 1201 3990 it).

169 4010 230 4064 inde
243 4011 318 4077 sequi
331 4009 431 4064 ridetur
444 4011 619 4064 Constantium
636 4008 782 4062 christianis
795 4007 892 4059 cultum
908 4007 1003 4059 Christi
1016 4008 1146 4074 publicum
1160 4010 1203 4059 in-

170 4098 316 4149 terdixisse.
333 4115 346 4143 o

200 4180 237 4248 (t)
254 4182 361 4246 rosan,
371 4184 410 4234 Da
422 4184 509 4238 Mort-
520 4183 633 4241 Pateat,
643 4193 699 4246 cap.
715 4181 748 4242 93
764 4180 837 4231 Hist.
850 4179 989 4241 eoct.,v1u,
1006 4178 1047 4230 ii.
1066 4177 1201 4229 —Arrius

169 4266 273 4333 quidam
283 4268 309 4318 in
323 4267 454 4320 Thebaide
465 4279 568 4332 preses,
582 4273 612 4318 ut
625 4266 715 4330 sertor,
730 4264 826 4328 inipso
841 4261 972 4326 tribunali,
985 4261 1139 4313 christianus
1150 4261 1200 4313 iao·

173 4357 216 4404 tus
229 4357 277 4404 est.
