3054 5046
599 559 759 620 -53...

165 695 239 772 uisa,
270 694 499 755 Constantinum
527 711 594 754 eam
621 693 843 754 immunitatem
871 692 979 753 iisdem
1007 711 1193 773 paganorum

163 793 311 866 ministris
335 812 505 871 sacrorum,
531 798 645 854 certam
668 799 697 853 et
718 797 815 854 ratam
838 792 944 854 fecisse
970 791 1025 875 (1).
1056 793 1193 874 Denique

162 890 270 950 titulus
290 891 414 970 quidem
428 909 484 951 nos
500 891 584 952 docet
598 889 849 951 Constantinianis
870 891 1058 969 temporibus
1079 910 1194 970 pagana

161 991 276 1069 templa
293 1009 353 1050 non
375 987 489 1050 o'oculte
509 990 562 1050 sed
581 989 700 1068 publice
716 994 746 1048 et
760 988 948 1065 solemniter,
965 993 995 1048 et
1007 989 1070 1050 viro
1084 989 1191 1050 elaris-

158 1087 255 1164 simo,
272 1088 442 1165 consulari,
467 1089 607 1167 praefecto
630 1087 730 1163 urbm,
748 1091 872 1146 curante
895 1086 1038 1147 aedificari
1054 1091 1084 1148 et
1104 1087 1191 1147 dedi-

161 1187 223 1246 cari
242 1185 298 1268 (2).
323 1187 460 1266 Denique
473 1192 540 1265 post
555 1185 739 1246 Constantini
759 1189 886 1244 mortem
910 1185 1015 1245 fanum
1035 1203 1108 1246 urvo
1130 1204 1188 1248 av-

162 1303 310 1347 ersae...
333 1304 384 1346 pro
404 1303 496 1347 rarat
511 1303 698 1346 nournonvu
716 1284 827 1344 scilicet
843 1283 1029 1344 Constantini
1045 1284 1187 1362 junioris,

162 1383 325 1444 Constantii
339 1387 368 1444 et
382 1383 544 1444 Constantii
559 1383 635 1463 patri
649 1380 863 1461 dedicabatur(
883 1379 906 1460 ).
1253 1373 1255 1378 ’

201 1483 249 1541 Ex
271 1482 319 1541 his
340 1481 544 1542 monumentis
567 1479 706 1559 genuinis
725 1484 823 1556 certe,
848 1479 872 1538 si
897 1497 965 1558 quae
990 1484 1060 1539 sunt
1080 1483 1109 1539 et
1123 1484 1193 1542 vere

162 1577 428 1656 Constantinianis,
448 1579 522 1657 quid
540 1577 692 1656 sequitur,
714 1575 822 1655 quidve
838 1576 975 1636 concludi
986 1577 1057 1654 jure
1072 1576 1192 1655 potest‘?

162 1675 296 1755 Nempe,
313 1697 381 1738 meo
395 1677 519 1757 quidem
533 1676 665 1755 judicio,
686 1675 792 1735 eodem
808 1674 931 1734 omnino
946 1674 1050 1734 ordine
1070 1679 1099 1734 et
1114 1679 1192 1734 statu

161 1796 244 1838 sacra
258 1797 388 1857 pagana,
405 1779 551 1858 quamdiu
562 1777 773 1838 Constantinus
785 1776 872 1853 vixit,
887 1776 920 1836 in
930 1775 1096 1855 Republica
1105 1795 1191 1836 man-

160 1877 233 1938 sisse
262 1896 268 1936 :
295 1882 473 1956 tantumque
497 1877 629 1939 abfuisse
658 1881 693 1936 ut
721 1877 899 1955 imperator,
930 1876 1043 1955 templa
1075 1875 1192 1936 exscin-

160 1974 258 2051 deret,
283 1979 313 2034 et
334 1994 465 2053 paganos
484 1976 560 2034 ritus
581 1973 768 2052 prohiberet,
789 1978 818 2033 et
832 1991 1019 2052 paganorum
1035 1991 1191 2033 sacrorum

161 2072 314 2133 ministros
328 2073 468 2151 violaret,
491 2079 640 2134 utcontra
656 2072 693 2132 iis
707 2072 910 2149 consuluerit,
930 2082 1042 2152 eosque
1057 2072 1190 2152 pristinis

161 2173 327 2233 honoribus
337 2177 366 2233 et
376 2173 556 2252 privilegiis,
573 2173 684 2253 quibus
697 2178 783 2234 antea
796 2171 993 2249 fruebantur,
1009 2171 1053 2232 uti
1068 2190 1188 2252 semper

158 2271 295 2352 voluerit.
323 2272 461 2350 Cumque
484 2271 605 2351 privatis
623 2270 743 2350 injuriis
762 2275 943 2330 vexarentur
959 2289 1020 2330 non
1033 2269 1186 2331 dubitasse

157 2368 370 2448 imperatorem
391 2388 442 2430 eos
459 2388 514 2430 sua
531 2369 703 2430 auctoritate
722 2374 839 2446 tegere,
859 2387 1044 2447 monereque
1066 2386 1183 2445 omnes,

158 2483 194 2524 ne
216 2465 274 2525 sibi
289 2466 407 2544 placere
428 2465 660 2542 arbitrarentur,
677 2465 807 2530 eumad
822 2464 944 2543 indigna
961 2483 1012 2525 eos
1030 2464 1185 2525 devolvere

156 2562 281 2639 vellent,
299 2569 329 2623 at
348 2567 450 2624 contra
467 2562 524 2622 sibi
541 2561 616 2641 ipsi,
637 2581 798 2642 perquem
817 2560 947 2638 fiebant,
968 2561 1081 2621 inferre
1100 2560 1183 2638 inju-

157 2658 233 2720 riam
247 2658 305 2741 (li).

156 2860 214 2918 post
222 2845 357 2906 Flaminii
366 2857 495 2908 honorem
506 2864 555 2908 ortt
565 2855 709 2907 soomdottr‘
720 2855 759 2906 vei
773 2853 937 2920 magistratus
947 2852 1053 2904 decursa
1066 2851 1186 2916 insignia,
1258 2853 1262 2860 '

156 2939 307 3000 praepositos
326 2940 443 3002 compelli
459 2941 513 2990 fieri
529 2941 699 2996 marrsionum,
715 2939 785 3002 quod
804 2939 830 2988 in
845 2937 951 3000 singuiis
965 2937 1043 2986 curiis
1057 2936 1187 2999 sequentis

157 3024 241 3074 meriti
252 3029 279 3073 et
291 3025 385 3088 gradus
398 3024 515 3075 homines
525 3025 632 3088 impiere
644 3028 809 3080 consuerunt,
819 3022 940 3086 jubemus
949 3021 1046 3070 nulium
1060 3019 1187 3084 praedictis

156 3109 297 3160 bonoribus
310 3109 487 3170 splendentem
498 3110 529 3159 ad
543 3115 712 3160 memoratum
724 3108 781 3171 cogi
791 3107 943 3170 obsequium
956 3122 961 3152 ι
977 3118 1010 3155 rte
1024 3108 1115 3156 nostro
1125 3105 1186 3169 [teri

152 3196 257 3256 judicto
271 3196 377 3256 injuria
390 3196 526 3246 uideatur.
541 3213 554 3240 a
574 3197 648 3254 (cod.
668 3195 806 3252 Theodos„
820 3203 868 3252 ru,
884 3191 923 3242 tit.
942 3193 965 3254 i,
981 3191 999 3241 i.
1015 3188 1068 3256 tt.)

186 3279 221 3344 (t)
241 3297 255 3324 «
274 3281 425 3332 Sacerdotes
437 3284 460 3331 et
475 3282 614 3331 Flumineo
630 3282 771 3342 perpetuos
782 3285 859 3342 atque
873 3277 950 3328 etiam
965 3277 1139 3329 duumvirales
1153 3278 1186 3328 ab

155 3377 310 3415 annonarum
326 3365 499 3428 preposituris
513 3365 729 3427 interioribusque
744 3362 893 3413 muneribus
905 3363 1032 3412 immunes
1046 3375 1104 3413 esse
1118 3376 1188 3426 prae-

156 3449 272 3511 cipimus.
292 3450 363 3512 Quod
386 3457 414 3500 ut
428 3457 552 3514 perpetua
564 3449 745 3500 observatione
760 3447 885 3506 firmetur,
902 3447 985 3511 tegern
1001 3447 1066 3497 hanc
1080 3447 1185 3498 inrisam

156 3534 232 3584 aeneis
246 3534 340 3585 tabuiis
354 3535 479 3599 jussimus
499 3535 634 3600 pubiicari.
654 3536 682 3584 P.
703 3534 730 3584 Ρ,
747 3544 783 3582 xit
803 3531 855 3582 imi.
872 3531 928 3595 jun.
951 3532 1103 3596 Cartbagine
1116 3532 1188 3584 Feti-

156 3617 227 3668 ciano
241 3624 268 3669 et
282 3619 387 3670 Tatiauo
401 3619 473 3670 Coss.
489 3621 548 3672 ast.
562 3639 575 3666 a
594 3620 670 3683 (cod.
686 3618 823 3676 Theodos,
838 3626 884 3677 xu,
900 3615 940 3666 tit.
955 3613 982 3678 ὅ,
998 3615 1016 3665 i.
1032 3613 1068 3678 ἓ.)

188 3700 223 3770 (2)
241 3703 269 3752 io
283 3704 378 3768 templo
391 3704 475 3767 Remi,
490 3705 515 3754 in
529 3705 569 3754 ria
584 3717 655 3754 sacro
669 3703 734 3767 Reg.
750 3712 796 3751 tv:

526 3814 571 3848 rin.
587 3813 675 3848 statvs.
691 3809 807 3846 nitrosus,

434 3886 456 3920 V.
472 3885 493 3920 G.
504 3884 570 3921 CONS·
586 3886 607 3921 1³.
618 3884 701 3920 PRAEF.
717 3883 770 3918 vnit.
785 3880 892 3917 ovantis.

785 3962 905 4029 (Oasin,
922 3959 974 4024 tr.)

188 4075 224 4142 (5)
242 4075 344 4126 uancus
358 4073 461 4139 quidem
475 4073 517 4124 hio
530 4071 620 4122 titulus
634 4075 683 4130 est,
698 4076 725 4120 et
735 4069 761 4118 in
773 4079 824 4132 quo
838 4078 930 4116 nomen
943 4050 1106 4126 imperatoris
1119 4059 1185 4109 irus·

156 4165 193 4210 tra
208 4160 342 4224 requiras:
357 4160 404 4210 sed
422 4172 480 4209 cum
494 4156 588 4209 0reiiio
603 4153 761 4206 Constantini
775 4164 866 4202 nomen
882 4149 962 4200 tuisse
978 4146 1098 4198 abrasum
1115 4142 1186 4193 exis-

155 4246 282 4305 timamus,
298 4257 344 4295 neo
358 4243 502 4294 lienzenius
513 4239 647 4305 repugnat.
659 4239 716 4290 Vid.
732 4238 841 4299 Onnum,
856 4244 885 4286 n⁰
898 4230 956 4283 sut.

188 4327 223 4395 (t)
235 4347 248 4375 r
258 4330 295 4380 Ne
304 4334 392 4379 nostro
403 4325 562 4392 fierijudioio
572 4323 664 4386 injuria
673 4323 799 4376 videatur.
809 4340 822 4367 r
831 4309 871 4387 'tin
881 4317 939 4381 iege
948 4327 1025 4379 supra
1038 4307 1189 4377 descripta.)
