3054 5046
638 501 801 568 ..95-

230 641 355 704 Eodem
372 643 436 704 fere
455 648 603 722 tempore,
625 642 757 704 edictum
769 642 936 721 Imperator
954 641 1098 702 adversus
1107 641 1229 702 haereti-

184 759 258 818 coS,
277 742 316 802 ad
334 741 556 821 provinciarum
570 741 726 821 praefectos
740 739 832 816 misit,
848 759 908 818 quo
927 740 959 799 in
972 760 1023 801 eos
1036 740 1232 802 animadverti

187 838 340 916 graviter,
355 838 413 898 nisi
428 843 546 898 mature
560 838 780 916 resipiscerent,
798 836 1007 916 praecipiebat:
1032 858 1048 898 a
1071 838 1233 916 patiemur-

187 954 205 994 «
232 952 290 1012 ne,
306 934 414 1012 aiebat,
429 934 578 1014 ejusmodi
588 935 738 995 malorum
749 933 955 1012 contagionem
968 934 1087 1012 longius
1097 953 1229 1013 serpere,

186 1052 204 1093 <r
231 1052 311 1094 cum
324 1035 412 1112 longa
426 1033 526 1094 dilatio
537 1033 634 1110 faciat,
646 1038 680 1092 ut
690 1033 755 1093 sani
765 1052 800 1094 ac
811 1033 941 1094 valentes
951 1052 997 1110 ea,
1009 1039 1152 1112 tanquam
1166 1052 1232 1114 pes-

191 1149 209 1190 «
234 1130 328 1192 tilero
349 1131 466 1208 morbo,
485 1131 660 1192 inficientur
677 1131 692 1192 ‘l
707 1131 789 1202 Quin
808 1132 906 1210 potius
919 1131 991 1192 istas
1005 1132 1127 1192 tandem
1145 1133 1229 1211 ejus-

191 1247 210 1288 <(
236 1228 321 1289 modi
336 1229 486 1309 pravitatis
496 1235 529 1289 ut
542 1229 582 1290 ita
596 1229 693 1291 dicam
707 1229 823 1290 radices
837 1229 1093 1291 animadversione
1103 1235 1132 1290 et
1142 1249 1232 1309 poena

191 1347 209 1386 (ι
236 1326 361 1406 publica
373 1331 602 1405 amputemus..

236 1444 255 1484 a
278 1423 457 1484 Mandamus
476 1424 568 1503 igitur
582 1443 637 1504 per
656 1426 734 1484 hanc
752 1425 851 1502 legem
865 1425 981 1503 nequis
999 1431 1134 1486 vestrum
1148 1431 1230 1505 post·

192 1541 211 1581 ι(
236 1523 296 1582 hac
309 1525 471 1581 conventus
488 1539 595 1599 cogere
612 1521 741 1596 audeat;
758 1526 787 1581 et
805 1526 962 1601 propterea
980 1521 1069 1582 etiam
1085 1521 1230 1601 jubemus
1286 1563 1291 1570 -

194 1639 212 1679 «
238 1623 274 1678 ut
291 1618 438 1678 universae
458 1618 537 1679 aedes
557 1623 675 1695 vestrae,
698 1617 855 1697 inquibus
875 1624 971 1678 coetus
990 1619 1057 1678 illos
1077 1618 1230 1680 celebrare

192 1736 210 1776 (ι
237 1715 444 1792 consuevistis,
460 1715 579 1795 penitus
593 1721 776 1792 evertantur,
788 1721 817 1776 et
831 1716 896 1776 haec
913 1712 1010 1777 cautio
1027 1736 1061 1776 eo
1071 1716 1132 1776 vim
1143 1735 1230 1777 suam

192 1833 210 1874 ι(
236 1815 380 1893 porrigat,
399 1818 433 1874 ut
452 1833 512 1874 non
531 1815 620 1874 modo
639 1831 699 1882 nou
723 1815 754 1873 in
777 1813 917 1893 publicis,
932 1815 1038 1875 sedne
1058 1814 1089 1873 in
1109 1815 1230 1894 privatis

192 1932 210 1974 (ι
236 1912 361 1992 quidem
376 1912 522 1989 acdifioiiS,
542 1911 644 1986 autin
663 1911 736 1972 locis
748 1912 827 1971 ¹ullis
842 1912 1103 1997 separatislhujus
1122 1918 1228 1974 vestrae

193 2031 211 2070 «
238 2009 452 2089 superstitiosae
463 2010 600 2071 amentiae
612 2010 904 2072 sactionescoeant...
920 2011 960 2070 At
969 2029 1050 2088 vern,
1061 2010 1086 2070 si
1096 2011 1149 2090 qui
1158 2030 1226 2072 ves-

193 2127 211 2168 (ι
236 2113 320 2167 trum
333 2127 411 2168 verae
426 2113 456 2168 et
475 2109 599 2169 sincerae
619 2107 770 2186 religionis
784 2127 890 2169 curam
911 2099 1050 2186 habeant,
1065 2108 1103 2169 ad
1117 2107 1226 2169 Catho-

194 2225 213 2266 (ι
237 2204 326 2266 licam
339 2190 506 2266 Ecclesiam
520 2209 719 2281 revertantur,
736 2205 846 2284 atejus
861 2205 1023 2266 sanctitatis
1037 2206 1095 2265 sint
1105 2205 1226 2286 partici-

195 2321 212 2362 o
238 2321 328 2381 pes..
340 2287 458 2363 Nostrae
474 2301 556 2362 enim
567 2320 718 2383 prosperae
732 2321 766 2362 ac
778 2301 873 2363 beatae
882 2302 949 2362 vitae
962 2302 1081 2380 rationi,
1099 2321 1159 2381 qua
1172 2301 1227 2362 Dei

195 2420 213 2460 (ι
236 2399 383 2460 beneficio
397 2400 539 2477 fruimur,
552 2404 598 2460 est
611 2400 775 2460 admodum
785 2405 1031 2477 consentaneum,
1047 2401 1143 2479 utqui
1158 2406 1227 2462 aeta-

175 2512 215 2558 ·«
238 2502 300 2557 tem
319 2497 398 2557 bona
421 2516 473 2576 spe
493 2501 689 2558 sustentatam
709 2497 829 2576 degant,
848 2497 886 2558 ab
908 2496 989 2557 omni
1010 2516 1082 2576 vago
1099 2503 1131 2558 et
1148 2516 1226 2558 caeco

197 2613 340 2655 «errore
363 2596 401 2656 ad
424 2601 536 2656 rectam
556 2594 830 2672 viam,ateneh1is
851 2595 889 2656 ad
912 2595 1023 2674 lucem,
1048 2596 1085 2657 ab
1111 2597 1227 2658 inscitia

197 2711 215 2751 (ι
237 2692 275 2752 ad
303 2693 473 2770 veritatem,
504 2712 522 2754 a
550 2697 646 2753 morte
669 2692 804 2772 denique
832 2692 871 2753 ad
898 2692 1027 2754 salutem
1063 2693 1224 2754 traducan-

199 2808 216 2850 (ι
238 2793 325 2849 tur...
342 2787 432 2870 (1).»

237 2888 274 2946 In
289 2887 346 2947 hoc
360 2887 454 2949 edicto
471 2888 546 2948 nihil
564 2889 600 2948 de
617 2887 748 2966 Arianis,
769 2893 914 2967 tanquam
931 2889 995 2967 J'am
1015 2889 1091 2948 nulli
1112 2895 1222 2950 essent.
1317 2935 1320 2941 .

196 2984 328 3063 Recepto
343 3004 452 3064 nempe
462 2985 494 3044 in
503 2985 630 3063 gratiam
639 2985 724 3062 Ario,
743 2990 772 3047 et
782 2985 913 3046 Eusebio
927 3005 987 3047 non
999 2987 1088 3046 modo
1101 2985 1133 3045 in
1142 2987 1222 3066 pris-

196 3083 424 3161 tinoshonores,
435 3102 542 3145 verum
557 3085 647 3146 etiam
661 3084 692 3144 in
702 3084 861 3145 consilium
875 3103 966 3146 suum
980 3086 1122 3164 admisso,
1134 3087 1226 3147 Cons-

198 3181 331 3241 tantinus
348 3181 497 3242 sublatam
517 3182 637 3262 penitus
654 3188 683 3243 et
703 3183 877 3244 restinctum
893 3185 1037 3246 Arianam
1058 3185 1222 3246 contentio·

197 3295 269 3336 nem
291 3277 489 3355 existimabat,
511 3283 541 3338 et
560 3280 726 3358 pertinaces
745 3285 774 3340 et
793 3281 856 3342 lere
875 3282 1012 3344 factiosos
1032 3281 1160 3344 habebat
1172 3285 1225 3363 qui

197 3374 415 3452 repugnabant,
444 3375 605 3438 Athanasio
635 3376 785 3456 praecipue
811 3377 963 3440 subiratus
986 3379 1067 3458 quod
1090 3380 1223 3442 Alexan·

199 3470 293 3532 driuae
314 3473 446 3533 ecclesiae
468 3472 583 3533 aditum
597 3473 681 3550 Ario,
700 3474 808 3553 spretis
826 3474 922 3553 ipsius
941 3475 1104 3553 mandatis,
1125 3476 1221 3538 inter·

166 3597 168 3602 v
197 3568 344 3630 clusisset.
370 3594 373 3600 ·

237 3676 360 3755 Cognita
384 3679 440 3738 hac
464 3678 606 3758 principis
631 3677 781 3739 voluntate
804 3678 971 3756 EusebiuS,
994 3680 1076 3758 gravi
1101 3681 1168 3741 odio
1192 3680 1223 3741 in

197 3772 395 3835 Athanasium
408 3775 550 3836 incensus
563 3795 618 3854 per
632 3775 778 3855 quosdam
788 3774 954 3836 Meletianae
967 3781 1054 3837 sectae
1066 3777 1147 3838 varia
1161 3778 1221 3838 cri-

196 3869 278 3930 mina
305 3871 509 3934 Alexandrino
537 3873 674 3952 episcopo
703 3872 868 3952 objicienda
894 3874 1008 3934 curavit
1034 3893 1040 3932 τ
1066 3894 1134 3953 quae
1157 3882 1223 3935 tum

77 4029 80 4036 ,
196 3966 300 4028 alienis
314 3969 443 4046 indiciis,
459 3975 525 4029 tum
535 3969 600 4048 ipso
609 3970 771 4031 Athanasio
783 3969 1068 4051 Constantinopolim
1078 3971 1168 4031 accito
1179 3970 1223 4053 (2)

229 4179 264 4247 (ι)
283 4182 388 4242 Eussu,
408 4184 461 4234 vu.
477 4184 578 4237 consa,
594 4191 633 4245 ιιι,
647 4182 690 4244 62,
705 4184 747 4234 63.

229 4263 265 4330 lt)
283 4266 428 4326 Tuscum..
445 4267 515 4316 Hist.
531 4265 629 4328 eccles,
644 4265 663 4328 l,
679 4265 721 4317 to.
