3054 5046
761 565 924 628 ..86-

326 695 497 758 sabricanda
510 715 615 758 rerum
628 698 819 762 universitate
834 719 908 763 usus
922 708 1012 780 esset,
1029 709 1058 765 et
1073 709 1157 783 patre
1175 704 1284 766 idcirco
1299 724 1353 766 na-

322 793 394 856 tura
407 799 438 855 et
451 795 591 874 dignitate
606 796 766 858 minorem.
784 798 828 860 De
843 797 956 878 Spiritu
971 799 1078 862 Sancto
1099 800 1355 882 quemadmodum

327 897 465 975 senserit,
480 917 542 958 non
555 917 641 977 aeque
654 900 849 961 manifestum
859 907 940 962 est...

367 1014 383 1054 c
405 994 463 1055 Vix
484 994 517 1054 in
537 995 647 1074 vulgus
666 997 731 1058 Arii
760 999 868 1078 dogma
890 999 1014 1078 exierat,
1037 1009 1134 1080 quum
1155 1001 1304 1080 plurimos
1324 1003 1355 1063 in

325 1091 451 1170 AEgypto
465 1091 629 1170 vicinisque
650 1094 809 1172 provinciis
826 1097 969 1174 fautores,
985 1101 1015 1157 et
1034 1097 1066 1157 in
1079 1098 1126 1157 his
1144 1097 1223 1157 viros
1236 1097 1356 1176 ingenio

326 1193 356 1248 et
365 1188 507 1266 dignitate
515 1195 703 1268 praestanteS,
715 1191 872 1253 inveniret.
883 1193 1055 1255 Alexander
1065 1214 1101 1255 ex
1110 1195 1233 1256 adverso
1244 1195 1355 1274 duplici

325 1286 450 1348 concilio
472 1285 662 1350 Alexandriae
685 1296 796 1374 coacto,
821 1291 931 1352 Arium
953 1293 1033 1354 laesae
1056 1293 1218 1372 majestatis
1249 1292 1354 1353 divinae

324 1389 444 1469 publice
464 1390 691 1470 condemnabat,
713 1395 898 1474 ecclesiaque
919 1393 1106 1457 exturbabat.
1132 1396 1196 1456 Hac
1212 1395 1263 1458 ille
1279 1415 1352 1457 con-

324 1487 449 1548 tumelia
467 1487 592 1549 minime
614 1490 818 1568 frangebatur,
843 1483 947 1552 sedin
965 1492 1156 1553 Palaestinam
1174 1493 1352 1570 concedenS,

325 1587 415 1648 variis
428 1587 560 1666 epistolis
577 1589 615 1649 ad
638 1607 774 1650 summos
792 1591 871 1653 viros
890 1592 1178 1670 missis,.veritatem
1199 1593 1354 1655 sententiae

326 1707 389 1750 suae
404 1690 610 1751 demonstrare
625 1690 774 1769 studebat,
789 1693 947 1754 fortunatis
967 1694 1040 1754 adeo
1061 1693 1212 1773 auspiciis,
1227 1699 1261 1753 ut
1279 1694 1352 1754 inli-

325 1787 413 1866 nitae,
425 1789 555 1848 maxime
565 1789 732 1850 Eusebium
742 1791 1014 1870 Nicomediensem,
1030 1812 1158 1853 summae
1171 1793 1353 1855 auctoritatis

325 1887 426 1947 virum
438 1887 471 1946 in
484 1893 584 1966 partes
598 1907 668 1949 suas
682 1889 869 1968 pertraheret
878 1889 933 1971 (l).
951 1911 967 1950 a

365 1983 423 2045 Hic
446 1985 658 2046 Constantinus
678 1986 841 2067 imperator
863 1988 896 2047 in
915 2006 1036 2048 scenam
1054 1989 1216 2049 inducitur.
1241 1989 1310 2050 Non
1328 1990 1354 2049 is

326 2086 389 2143 erat
404 2081 615 2142 Constantinus
629 2083 683 2161 qui
695 2083 812 2144 turbari
826 2085 857 2145 iu
872 2084 999 2165 imperio
1009 2086 1055 2146 vel
1074 2086 1106 2145 in
1119 2085 1252 2147 Ecclesia
1266 2092 1352 2166 pate·

325 2185 420 2242 retur.
435 2181 519 2242 Victo
533 2183 709 2261 nuperrime
729 2182 842 2244 Licinio
867 2188 897 2245 et
916 2185 997 2244 omni
1017 2185 1147 2264 potentia
1168 2191 1268 2263 exuto,
1289 2186 1353 2266 jam

326 2279 486 2340 dimidium
508 2279 651 2359 propositi
674 2299 706 2341 se
728 2281 900 2361 implevisse
924 2281 1103 2359 confidebat,
1126 2283 1270 2361 quoniam
1290 2285 1355 2363 jam

326 2379 512 2440 immensum
525 2377 616 2439 totius
630 2378 750 2459 imperii
771 2399 891 2460 corpus,
912 2380 1036 2440 remotis
1059 2379 1199 2440 omnibus
1222 2381 1352 2458 aemulis,
1461 2417 1465 2428 ·

323 2476 457 2551 tenebat3
480 2477 533 2536 sed
561 2494 637 2555 opus
656 2495 746 2536 omne
768 2493 833 2537 non'
850 2483 918 2539 ante
942 2477 1115 2538 absolutum
1138 2476 1351 2554 arbitrabatur,

324 2592 416 2654 quam
431 2578 533 2653 pacata
551 2573 642 2634 etiam
655 2573 827 2634 animorum
840 2574 998 2651 discordia,
1015 2574 1152 2633 omnium
1165 2575 1287 2634 omnino
1307 2575 1350 2634 ci·

323 2671 407 2732 vium
426 2671 463 2730 de
476 2668 610 2730 numinis
623 2671 706 2731 cultu
726 2671 896 2752 opinionem
911 2671 949 2732 ad
959 2671 1050 2731 unius
1060 2671 1243 2732 habitudinis
1257 2672 1350 2732 ritus-

325 2788 385 2849 que
404 2767 533 2829 fo'rmam
555 2769 747 2830 traduxisset.
772 2769 827 2848 lta,
849 2775 883 2830 ut
902 2771 966 2849 ipse
997 2768 1099 2830 scribit
1129 2769 1350 2846 Constantinus

324 2884 498 2946 quanquam
511 2865 607 2927 edicto
627 2866 754 2925 solemni
768 2865 888 2944 plenam
908 2867 945 2926 de
966 2864 1159 2944 religionibus
1181 2865 1350 2926 libertatem

325 2961 488 3042 unicuique
503 2968 651 3039 sanxerat,
667 2961 705 3022 ad
718 2966 851 3022 veterem
864 2962 983 3042 imperii
997 2963 1137 3039 formam,
1152 2963 1183 3022 in
1201 2981 1262 3042 qua
1271 2962 1351 3022 idem

246 3111 249 3119 .
325 3057 457 3119 civilium
471 3058 552 3119 idem
566 3077 720 3120 sacrarum
738 3078 842 3119 rerum
857 3061 929 3120 crdo
943 3066 972 3120 et
991 3065 1096 3137 status,
1113 3065 1244 3140 etpenes
1255 3080 1352 3120 unum

327 3157 486 3236 utriusque
499 3156 543 3217 rei
553 3156 711 3217 arbitrium
722 3162 796 3234 erat,
808 3158 930 3217 mutatis
942 3162 1060 3218 tantum
1070 3158 1221 3236 religionis
1228 3158 1349 3218 institu-

326 3255 375 3332 tis,
393 3273 528 3316 remeare
543 3255 661 3336 optabat
675 3255 730 3337 (2)

364 3351 469 3432 Itaque
483 3352 580 3412 omnis
591 3351 786 3413 contentionis
796 3352 966 3433 impatiens,
982 3371 1050 3433 quae
1067 3354 1280 3434 componendae
1294 3353 1349 3412 fir·

327 3450 505 3530 mandaeque
520 3451 625 3511 unitati
645 3469 803 3512 occurrere
820 3456 944 3530 poterat,
961 3453 1087 3513 durante
1101 3453 1198 3513 adhuc
1207 3451 1238 3511 in
1251 3451 1352 3513 Africa

269 3594 273 3599 ι
326 3547 571 3611 ecclesiastica'et
593 3569 670 3629 pene
692 3549 768 3610 civili
794 3550 990 3628 dissensione,
1011 3549 1222 3612 molestissime
1241 3549 1353 3628 accepit

326 3648 409 3709 novis
423 3648 639 3727 quaestionibus
654 3648 789 3727 Lybiam,
805 3649 986 3728 Bithyniam,
1002 3650 1173 3729 vicinasque
1187 3649 1352 3727 provincias

306 3730 310 3736 ¹
326 3745 368 3823 ita
381 3745 496 3824 agitari,
508 3751 542 3805 ut
560 3746 592 3806 in
606 3745 734 3824 publicis
751 3746 876 3806 theatris
889 3747 1121 3807 christianorum
1140 3746 1274 3806 instituta
1288 3763 1354 3806 san-

326 3842 467 3903 nionibus
484 3843 714 3922 subjicerentur.
731 3843 811 3904 Tum
824 3843 1006 3905 Nicomediae
1022 3844 1157 3924 degebat,
1174 3861 1351 3922 omnesque,

327 3941 400 4020 quid
414 3941 451 4001 de
461 3960 494 4001 re
504 3941 655 4020 agendum
665 3946 813 4020 censeret,
824 3942 904 4004 anxii
914 3943 1132 4023 exspectabant.

358 4163 393 4230 (l)
410 4163 541 4225 llosuxu,
558 4165 711 4216 last-Htst.
726 4166 824 4221 ccclcc.
839 4166 924 4216 saecul.
941 4177 977 4225 lv,
994 4179 1051 4229 pars
1065 4164 1091 4229 2,
1107 4180 1132 4229 p.
1151 4165 1207 4216 litt.

356 4247 391 4310 (t)
409 4247 471 4299 Vide
483 4247 583 4319 initium
596 4248 711 4312 epistolae
722 4249 880 4300 Constantini
890 4249 922 4300 ad
935 4251 1104 4302 Alexandrum
1116 4257 1142 4301 et
1156 4251 1242 4300 Arium
1258 4249 1351 4301 missae.

321 4331 439 4401 (hosne,
459 4335 514 4386 Vtt.
532 4333 634 4393 const,
650 4343 679 4398 ιι,
693 4332 747 4400 65.)
