3054 5046
612 583 773 644 „27-

180 739 196 778 r
218 719 314 780 totius
337 719 422 779 orbis
438 719 662 797 principatum
685 717 839 797 affectans
854 723 916 779 aut
928 717 1092 798 Eutropius
1104 717 1204 798 loqui·

178 819 229 876 tur
241 812 305 896 (1),
321 815 383 877 sive
397 820 431 876 ut
451 815 602 876 Eusebius
622 821 652 877 et
671 815 854 876 Sozomenus
874 814 998 876 tradunt
1017 815 1205 894 ulciscendos

179 929 250 972 rum
268 911 503 974 christianorum
517 913 627 990 studio,
643 932 719 992 quos
735 912 869 973 Licinius
887 914 966 973 male
980 911 1119 990 habebat,
1135 913 1206 992 qui·

177 1029 239 1089 que
251 1029 306 1090 pro
322 1011 514 1072 Constantino
536 1011 611 1088 solo,
634 1016 670 1070 ut
684 1011 735 1072 ille
756 1011 890 1088 rebatur,
907 1029 1012 1091 preces
1030 1011 1206 1089 fundebant,

179 1113 213 1168 ut
229 1107 267 1168 ab
287 1127 322 1170 eo
346 1128 408 1170 uno
427 1109 670 1187 gubernarentur
690 1107 880 1190 (a),he11um
900 1109 938 1169 de
959 1109 1074 1188 integro
1096 1086 1209 1170 instau-

179 1205 264 1265 ravit.

220 1302 393 1363 Notandum
407 1307 453 1363 est
466 1302 688 1365 Ecclesiastioos
696 1308 833 1365 auctores
840 1303 897 1384 (3),
909 1309 998 1383 rupta
1011 1303 1110 1364 statim
1124 1319 1207 1382 pace,

179 1399 271 1461 veluti
284 1399 310 1459 si
324 1400 361 1460 de
375 1400 608 1461 christianorum
622 1402 741 1462 fortuna
760 1401 839 1462 inter
854 1400 985 1461 Orientis
998 1405 1028 1462 et
1041 1399 1210 1461 Occidentis

180 1497 317 1558 dominos
326 1503 445 1560 tantum
458 1499 674 1578 ambigeretur,
685 1518 719 1560 eo
733 1499 818 1559 nulla
829 1498 888 1560 alia
900 1517 993 1578 quam
1007 1499 1044 1558 de
1059 1497 1210 1559 Ecclesia-

179 1615 250 1656 rum
265 1596 432 1658 conditione
444 1603 473 1658 et
483 1602 561 1658 statu
571 1597 733 1676 agitaretur
747 1598 883 1676 questio,
897 1597 968 1657 hinc
983 1597 1210 1657 Constantinum

179 1693 376 1755 menifestum
397 1695 628 1755 christianorum
655 1701 918 1774 propugnatorem,
951 1693 1034 1753 illino
1061 1692 1211 1754 Licinium·

179 1797 320 1870 apertum
334 1793 451 1852 hostem
466 1793 624 1853 ostendere
637 1791 693 1873 (4).
711 1793 801 1853 Nece
813 1811 885 1852 vero
898 1791 1036 1851 absimile
1050 1795 1097 1852 est
1110 1789 1209 1850 chris·

178 1892 331 1953 tianorum
345 1911 454 1972 corpus
465 1894 540 1954 dum
555 1894 611 1954 sibi
625 1895 735 1954 ducem
749 1893 875 1954 unicum
890 1892 1118 1954 Constantinum
1128 1907 1208 1972 prae·

180 1988 326 2067 dicarent,
342 1990 430 2069 cujus
447 1990 637 2052 clementiam
652 1996 682 2052 et
700 1990 871 2051 facilitatem
895 1996 981 2051 erant
994 1990 1120 2070 experti,
1137 2005 1209 2050 rur-

180 2105 233 2150 sus
267 2091 380 2170 sparsis
411 2092 443 2151 in
475 2091 625 2152 Licinium
658 2093 927 2170 criminationibus,
960 2093 1048 2172 cujus
1071 2087 1214 2172 superbia

181 2187 353 2267 saevitiaque
368 2190 580 2268 gravabantur,
596 2191 629 2251 in
646 2209 717 2252 suas
735 2197 835 2272 partes
856 2191 997 2252 Maxentii
1016 2191 1160 2252 victorem
1178 2189 1210 2249 in

181 2284 314 2346 diversas
327 2288 430 2348 contra
443 2287 592 2347 Licinium
610 2288 653 2349 ita
666 2288 833 2364 induxisse,
851 2292 886 2348 ut
892 2289 956 2367 jam
973 2304 1034 2347 non
1057 2288 1215 2347 derorum

180 2383 319 2444 omnium
333 2385 512 2464 principatu,
532 2391 562 2447 st
581 2387 618 2448 de
635 2385 867 2448 christianorum
888 2391 1006 2446 tantum
1026 2384 1163 2446 libertate
1181 2385 1213 2445 in

181 2483 239 2544 hoo
252 2482 333 2543 bello
348 2483 395 2561 agi
404 2484 567 2545 videretur.

221 2580 270 2640 An
288 2580 468 2640 invocaverit
483 2586 600 2642 veteres
618 2581 696 2642 Deos
711 2581 843 2641 Licinius
863 2586 931 2642 ente
951 2580 1032 2640 diem
1052 2596 1162 2660 pugnae
1184 2585 1214 2639 et

182 2676 246 2737 suis
260 2678 324 2757 ipse
338 2677 485 2737 militibus
503 2678 534 2738 in
558 2679 683 2738 modum
697 2677 909 2739 adhortationis
929 2677 1056 2738 dixerit:
1073 2676 1214 2736 Deorum

99 2819 102 2824 «
182 2774 378 2852 Reipublicae
388 2777 555 2853 fortunam
569 2779 605 2836 iu
619 2777 770 2836 mortibus
781 2793 892 2836 eorum
906 2791 970 2836 esse
984 2776 1080 2834 sitam
1088 2791 1101 2849 ;
1116 2774 1211 2834 Cons-

182 2872 314 2932 tantinus
338 2878 440 2934 contra
464 2874 668 2934 sacerdotibus
688 2871 870 2951 christianis,
895 2879 929 2933 ut
951 2873 1079 2950 optimis
1094 2873 1215 2932 animae

183 2985 250 3032 sure
271 2969 453 3030 custodibus
477 2971 696 3052 circumseptus
715 2971 872 3033 incesserit
891 2971 949 3052 (5),
962 2969 1103 3050 equidem
1126 2969 1213 3030 arur«

183 3080 266 3129 mare
280 3087 341 3130 non
355 3069 464 3130 ausim.
487 3067 585 3130 Nimis
601 3071 726 3150 poetice,
741 3071 860 3130 videtur
882 3071 930 3130 his
952 3068 1096 3130 derebus
1117 3067 1212 3146 scrip-

174 3170 257 3246 sisse
280 3171 443 3249 Eusebius,
458 3177 488 3233 et
502 3178 639 3253 suspecta
659 3172 780 3233 omnino
801 3177 847 3233 est
870 3174 935 3233 haec
958 3170 1064 3231 Licinii
1086 3171 1124 3231 ad
1144 3181 1215 3229 suos

183 3285 275 3347 quem
289 3269 391 3330 retulit
404 3270 506 3330 oratio.
523 3271 610 3332 Certe
625 3267 685 3332 sive
700 3270 799 3332 divine
815 3289 868 3350 spe
881 3271 1002 3348 adjutus
1017 3268 1078 3329 sive
1091 3269 1214 3348 probata

183 3372 285 3428 oontm
299 3367 448 3428 Barbaros
462 3365 617 3447 legionum
633 3369 818 3447 fortitudine,
840 3387 955 3448 suaque
969 3367 1065 3446 ipsius
1080 3383 1136 3427 nec
1154 3381 1215 3426 non

184 3464 282 3545 Crispi
295 3465 350 3525 tilii
364 3466 498 3544 audacia,
516 3467 728 3528 Constantinus
739 3466 1021 3548 Hadrianopolitano
1036 3465 1170 3545 primum
1182 3461 1215 3523 in

183 3559 308 3623 Thracia
329 3563 444 3642 praelio,
467 3581 538 3623 mox
557 3569 587 3624 et
608 3561 844 3624 chalcedonensi
867 3562 1000 3623 hostium
1022 3562 1100 3622 vires
1114 3559 1212 3638 tbegit.

217 3795 251 3863 (t)
271 3791 427 3859 Eumenius,
445 3801 569 3855 Brenter.
581 3801 653 3854 Hist.
668 3816 749 3862 rom„
765 3813 794 3856 x.
810 3801 835 3851 t.

216 3897 251 3964 (Ξ)
269 3871 326 3965 lpus
348 3887 374 3945 δὲ
395 3894 436 3945 καὶ
457 3894 502 3954 τὰς
521 3892 650 3956 ἐκκλησίας
669 3892 847 3968 ὑπολαμὸάνων
869 3886 987 3962 εὔχεσθαι
1005 3893 1047 3944 καὶ
1068 3885 1215 3955 σπουδάζειν
1236 3885 1244 3956 s

184 3965 226 4024 ὑπ’
241 3964 318 4026 αὐτοῦ
331 3973 404 4046 pirou
419 3967 627 4042 (Κωνσταντίνου)
639 3971 824 4048 βατιλεὺεσθαι.
838 3981 935 4042 (Sozoa
950 4015 957 4039 ‚
970 3977 1029 4031 nter
1039 3981 1137 4038 eccles,
1148 3989 1166 4038 1,
1178 3976 1214 4038 7.)

216 4061 252 4128 (t)
271 4063 406 4124 Eusebius,
420 4064 587 4125 sozomenus,
602 4065 730 4126 Socrates,
744 4065 928 4114 Theodoretus.

218 4146 253 4212 (t)
272 4147 377 4211 Enseu,
388 4151 460 4200 Hert.
475 4151 576 4209 eccles„
589 4161 618 4212 x,
630 4151 665 4211 8;
686 4151 735 4202 vu.
752 4151 855 4209 corut,
871 4161 889 4210 ι,
905 4148 948 4211 tl,
962 4147 1005 4208 56,
1021 4159 1050 4205 n.
1064 4147 1089 4209 4,
1103 4147 1128 4207 s,
1143 4145 1171 4195 6.
1182 4171 1214 4180 -

186 4230 293 4292 sozom,
307 4234 381 4284 Hist.
396 4235 494 4297 eccles,
512 4246 530 4295 r,
546 4235 571 4285 7.

220 4332 253 4396 (5)
272 4303 360 4397 ἧσπέρ
374 4343 442 4387 τινας
454 4322 539 4398 ψυχῆς
552 4324 659 4399 ἀγαθοὺς
672 4289 789 4398 pilleatae.
806 4330 926 4400 (Eusen,
946 4333 998 4388 Vir.
1015 4331 1114 4390 comt„
1134 4339 1163 4390 u,
1178 4324 1215 4393 4.)
