3054 5046
628 529 790 590 ...71-

185 675 268 717 eum
282 677 377 737 opere
390 663 540 722 videntur
555 663 629 724 lecto
645 665 786 726 dilucido
791 666 916 746 judicio
932 667 1219 750 demonstraturus,

184 775 266 834 quoe
280 766 309 820 ct
323 762 428 839 qualis
444 781 579 825 summos
590 766 753 827 diuinitati
767 768 807 826 sit
821 768 1005 830 adhibendo
1015 775 1176 834 ueneratio
1194 780 1223 836 et

184 859 375 937 cujusmodi
392 863 480 922 culta
496 863 646 926 delectori
664 865 813 926 videatur
817 914 876 927 .....
893 873 922 927 et
938 873 1006 928 tom
1021 873 1221 950 superpicta

183 975 292 1033 quam
303 977 398 1036 super
408 960 530 1022 clericis
540 963 590 1022 his
600 964 656 1041 qai
662 965 765 1041 primi
776 969 860 1040 sunt,
879 965 1220 1048 diligentissimeque

183 1056 323 1132 siturus,
344 1058 440 1136 idque
452 1060 661 1140 judicaturus
679 1063 763 1140 quod
779 1063 982 1124 ocissimum
999 1070 1028 1124 et
1043 1065 1218 1144 religiosis-

182 1155 311 1214 simum
331 1175 394 1216 esse
408 1160 618 1237 manifestum
633 1161 684 1220 sit.
703 1179 719 1220 ι)
735 1160 842 1240 Neque
856 1161 1024 1241 quidquam
1043 1182 1060 1224 a
1075 1182 1108 1226 se
1120 1167 1218 1246 majo-

181 1251 231 1312 ris
245 1253 352 1315 haberi
370 1255 496 1334 dicebat,
512 1276 568 1318 nec
582 1257 678 1337 magis
699 1260 737 1320 ad
756 1259 900 1340 principis
914 1279 1028 1322 munus
1041 1267 1072 1323 et
1084 1263 1220 1326 osticium

182 1350 341 1427 pertinere
355 1371 467 1432 quam,
485 1374 500 1414 <r
516 1355 665 1416 discussis
682 1357 858 1432 erroribus,
872 1359 1081 1437 omnibusque
1091 1363 1218 1421 temeri-

182 1449 307 1509 tatibus
318 1455 504 1528 amputatis,
515 1471 624 1514 verum
634 1455 822 1533 religionem
832 1457 1005 1532 universos,
1017 1460 1219 1520 concordem-

182 1565 248 1624 que
255 1547 493 1626 simplicitatem
503 1555 597 1629 atque
604 1553 757 1612 meritone
768 1553 977 1630 omnipotenti
984 1554 1048 1615 Deo
1057 1556 1219 1620 culturam

177 1653 384 1720 praesentare
394 1649 547 1728 perficere
560 1647 606 1731 (l)
622 1668 637 1709 u

222 1745 437 1808 Constantinus
448 1747 500 1826 qui
515 1767 546 1808 se
562 1747 593 1807 in
603 1747 755 1826 Africam,
771 1754 805 1809 ut
815 1767 937 1809 causam
952 1749 1102 1812 Caeciliani
1117 1751 1217 1814 denuo

177 1841 344 1924 judicaret,
360 1852 601 1906 mouventurum
611 1846 801 1925 promiserat,
816 1851 930 1907 mutato
939 1849 1101 1928 proposito,
1117 1857 1217 1930 partes
1237 1859 1239 1864 '

181 1944 222 2005 ad
235 1963 268 2004 se
281 1944 411 2004 Romam
425 1943 576 2004 arcessivit
590 1942 653 2025 (2);
670 1943 739 2004 dein
754 1943 959 2023 Caecilianum,
975 1945 1027 2026 qui
1041 1946 1119 2008 bono
1134 1950 1216 2028 pacis

181 2041 294 2102 Brixiae
316 2041 486 2119 tenebatur,
502 2047 531 2101 et
554 2060 604 2102 eos
624 2060 642 2102 a
665 2041 777 2122 quibus
791 2042 988 2104 accusabatur
1009 2043 1213 2107 Mediolanum

181 2139 364 2201 contendere
378 2146 430 2200 aut
443 2139 565 2221 pervehi
579 2139 671 2219 jussit
684 2137 739 2221 (3).
756 2140 814 2201 Hic
826 2141 948 2202 andem
962 2161 1063 2204 coram
1078 2145 1214 2223 partibus

180 2239 245 2320 ipse
267 2239 350 2300 omrri
363 2257 397 2299 re
414 2237 641 2318 diligentissime
659 2238 793 2316 cognita,
815 2238 1009 2300 Caecilianum
1023 2241 1213 2306 innocentem
1307 2271 1309 2276 ·

180 2345 211 2399 et
223 2340 291 2419 ejus
306 2343 493 2400 accusatores
508 2337 795 2399 calumniosissimos
809 2339 956 2400 sententia
969 2340 1097 2401 solemni
1112 2342 1212 2406 decla-

181 2438 266 2500 ravit.
283 2437 496 2516 Quodquidem
511 2436 602 2498 verba
615 2439 681 2497 haec
693 2441 842 2497 testantur
854 2455 871 2497 e
886 2437 1004 2520 scriptis
1021 2438 1212 2519 imperatoris

180 2535 219 2595 ad
246 2535 422 2595 Eumelium
442 2534 587 2595 vicarium
607 2534 714 2594 litteris
738 2538 900 2613 excerpta:
930 2553 945 2594 ι(
970 2535 1005 2595 ln
1017 2536 1080 2596 boc
1097 2537 1210 2615 judicio

180 2633 295 2712 pervidi
313 2633 508 2694 Caecilianum
522 2633 622 2693 virum
636 2632 718 2692 omni
736 2632 905 2692 innocentia
925 2631 1086 2712 praeditum
1102 2653 1136 2694 ac
1152 2635 1206 2696 de-

178 2729 239 2790 bita
263 2730 415 2810 religionis
436 2741 499 2792 suae
522 2730 621 2791 officia
645 2734 825 2806 servantem,
848 2729 948 2809 eique,
963 2730 1005 2791 ita
1017 2735 1050 2790 ut
1064 2732 1206 2811 oportuit,

179 2831 358 2892 servientem
371 2851 380 2907 3
396 2850 452 2892 nec
464 2831 563 2891 ullum
577 2830 609 2890 in
622 2849 657 2890 eo
672 2830 788 2890 crimen
801 2827 929 2908 reperiri
938 2829 1070 2909 potuisse
1084 2831 1207 2892 eviden-

176 2914 223 2990 ter
243 2931 397 3010 apparuit,
421 2930 498 2990 sicut
519 2929 635 2990 absenti
655 2928 753 2990 tuerat
766 2927 1009 2989 adversariorum
1024 2948 1151 2990 suorum
1164 2931 1204 2992 si-

177 3030 340 3091 mulatione
355 3029 555 3110 compositum
568 3026 614 3109 (4)
629 3047 644 3087 ι

215 3129 271 3188 Tot
286 3127 439 3189 sententiis
449 3131 478 3188 et
492 3127 528 3187 ab
542 3126 699 3208 episcopie,
715 3145 791 3206 quos
806 3126 870 3206 ipse
884 3127 1082 3206 delegaverat,
1098 3135 1127 3190 et
1140 3150 1158 3192 a
1172 3127 1205 3194 se

175 3225 252 3306 ipso,
268 3226 306 3287 ad
320 3244 412 3306 quem
424 3224 506 3286 haud
521 3226 614 3286 semel
629 3229 873 3304 provocaverant,
889 3225 1055 3305 perculsos,
1074 3229 1204 3290 necdum

175 3330 276 3386 tamen
302 3325 407 3401 victae,
436 3322 692 3403 suppliciorumne
718 3328 802 3382 metu
822 3328 987 3401 coerceret,
1009 3342 1049 3384 an
1073 3325 1205 3390 adhibita

175 3423 329 3503 patientia,
354 3422 478 3502 impune
493 3439 559 3482 esse
580 3422 731 3498 toleraret,
754 3420 969 3500 aliquantisper
992 3421 1206 3486 Constantinus

175 3522 270 3582 haesit.
287 3521 407 3582 Durum
421 3520 449 3581 ei
462 3521 563 3581 forsan
576 3519 742 3596 videbatur,
754 3525 784 3580 et
793 3538 901 3599 parum
911 3519 1126 3581 Mediolanensi
1140 3523 1195 3584 de·

174 3625 254 3681 creto
270 3626 515 3696 consentaneum,
531 3624 597 3698 post
610 3619 709 3678 datam
720 3617 808 3677 sectis
822 3617 1017 3697 quibuslibet,
1032 3617 1065 3677 in
1079 3619 1204 3683 colenda

174 3717 316 3796 religione
330 3717 510 3794 libertatem,
527 3715 667 3778 continuo
687 3715 725 3776 ad
746 3714 806 3775 um
822 3720 924 3775 contra
938 3714 1118 3776 rebellantes
1132 3717 1199 3778 ani·

174 3831 239 3876 mos
261 3835 293 3876 se
315 3816 469 3893 conterre,
495 3821 619 3894 eaque
643 3813 763 3893 publice
781 3813 942 3874 detestatus
965 3817 1038 3889 erat,
1063 3814 1202 3894 exempla

207 4073 242 4140 (1)
261 4076 341 4132 told„
352 4089 378 4140 p.
391 4073 423 4124 95
440 4080 465 4125 et
479 4073 520 4126 tt.

204 4158 238 4225 (2)
257 4160 283 4212 S.
301 4161 424 4219 Aucusra
438 4159 516 4212 Boeo.
528 4156 618 4208 collat.
633 4169 694 4209 cam
704 4158 818 4216 Donat„
828 4171 854 4221 p.
868 4156 927 4208 576.

204 4241 238 4308 (5)
256 4247 307 4303 td„
441 4245 507 4296 ibid.

209 4330 242 4397 (t)
260 4332 287 4382 S.
303 4333 429 4393 Aueuss,
446 4332 522 4384 cont.
539 4330 672 4389 crescon„
691 4327 735 4378 lib.
751 4336 790 4389 ιιι,
806 4339 861 4391 cap.
875 4322 918 4375 tl.
