3054 5046
752 513 913 576 ..46-

317 645 395 728 tino)
408 663 561 710 romrrsx
574 663 675 710 uaros
692 664 809 710 urstis
826 664 921 710 avua
943 662 971 706 s.
995 663 1025 708 r.
1046 650 1076 706 et
1089 661 1243 708 conrasas
1261 663 1347 714 sums

316 747 467 828 reperitur
481 745 604 830 (Orell,
623 745 719 826 3184,
740 745 847 828 3185).
863 747 908 810 Ita
927 752 957 808 et
969 745 1096 808 Moecius
1111 745 1274 808 Memmius
1289 748 1350 810 Fu·

315 845 380 906 rius
390 844 553 906 Balburius
565 845 746 908 Caecilianus
754 845 906 922 Placidus,
918 845 1023 906 consul
1033 863 1111 906 anno
1121 844 1245 906 3d3sub
1258 847 1349 908 Cons-

314 939 429 1006 tantino
446 948 526 1004 certe
541 961 724 1006 conaturos
741 960 939 1004 ussurrnnvn
955 947 986 1003 et
1004 959 1156 1004 nrsrnrnu
1177 948 1249 1004 tunc
1265 951 1344 1006 lem-

315 1041 396 1120 poris
409 1058 563 1104 ronurnx
577 1058 689 1118 Maron,
705 1058 809 1102 aucun
822 1057 970 1102 ruaudus
985 1058 1015 1101 Ρ.
1032 1058 1064 1101 n.
1077 1058 1237 1109 ovmrrrvu
1252 1060 1347 1106 xuvm

314 1155 422 1201 sacrus
436 1155 598 1201 sacrvnms
613 1138 669 1198 luit
679 1137 801 1220 (Orell.‚
816 1136 919 1218 3191).
932 1137 976 1198 lta
988 1142 1018 1198 et
1031 1136 1068 1208 Q.
1081 1136 1202 1200 Flavius
1215 1137 1342 1200 Moesius

277 1289 279 1294 .
314 1235 460 1316 Egnatius
469 1235 634 1312 Lollianus,
646 1236 806 1318 praetectus
821 1235 896 1296 Urbi
909 1253 989 1295 anno
1003 1233 1073 1310 342,
1083 1252 1186 1296 avovn
1199 1220 1346 1300 evntibvs

314 1349 426 1396 norum
441 1351 559 1396 nouam
570 1351 730 1404 ovrnrrrvn
745 1333 802 1394 sub
814 1332 1008 1396 Constantino
1022 1337 1103 1394 certe
1117 1331 1238 1416 (Orell,
1252 1332 1345 1415 3162)

314 1436 344 1490 et
359 1437 469 1512 praetor
483 1430 625 1492 Urbanus
640 1431 761 1492 exstitit.

355 1528 420 1588 Dici
434 1529 526 1607 igitur
542 1533 572 1589 et
586 1530 693 1591 merito
703 1533 799 1612 potest
811 1547 868 1588 nec
882 1527 1010 1588 dimotos
1029 1527 1209 1588 muneribus
1223 1529 1277 1608 qui
1290 1549 1343 1590 ve·

313 1632 393 1690 teres
410 1628 487 1690 ritus
503 1628 623 1708 ejurare
645 1628 824 1703 noluerunt,
842 1645 897 1686 nec
918 1626 996 1688 solos
1016 1625 1193 1688 christianos
1215 1627 1344 1708 publicis

314 1725 508 1788 honoribusa
522 1726 714 1788 Constantino
729 1726 849 1786 allectos
864 1724 968 1786 luisse.

353 1826 439 1886 Item
450 1830 496 1886 est
519 1825 555 1886 de
570 1823 752 1904 gladiatoriis
770 1823 861 1901 ludis,
877 1842 952 1903 quos
973 1824 1094 1886 omnino
1117 1825 1344 1888 Constantinum

312 1922 442 1982 vetuisse
456 1941 562 1982 omnes
572 1923 635 1983 lere
650 1922 811 2002 scriptores
825 1922 977 1999 referunt,
992 1923 1129 2001 quamvis
1141 1924 1222 2004 apud
1238 1940 1343 1986 omnes

312 2025 437 2097 constet,
453 2027 486 2081 ut
497 2026 563 2101 post
578 2021 710 2084 Francos
724 2020 865 2097 devictos,
881 2019 1026 2080 francicos
1036 2020 1134 2099 ludos,
1146 2022 1187 2084 ita
1197 2021 1345 2085 debellata

312 2118 474 2196 Sarmatia,
492 2119 666 2180 sarmaticus
684 2119 721 2179 ab
739 2119 803 2198 ipso
822 2117 1002 2197 imperatore
1021 2129 1105 2180 anno'
1116 2120 1175 2180 322
1192 2120 1343 2183 institutos

312 2217 415 2278 luisse.
445 2217 662 2278 Ecclesiasticis
688 2222 790 2278 tamen
816 2215 1011 2296 scriptoribus
1031 2217 1237 2278 auctoritatem
1260 2238 1340 2300 prae·

311 2315 414 2376 buisse
431 2315 549 2376 videtur
559 2316 608 2376 lex
626 2315 695 2392 ista,
711 2334 801 2398 quarn
818 2333 895 2376 anno
911 2313 982 2392 325,
999 2316 1088 2394 paulo
1103 2321 1169 2396 post
1182 2316 1342 2378 Nicaenurn

231 2447 232 2450 =
300 2412 486 2492 concilium,
504 2413 604 2492 Beryti
617 2413 799 2494 propositam
811 2412 970 2474 habemus.

480 2630 562 2708 imp.
582 2630 810 2694 Constantinus
821 2632 859 2694 A.
872 2632 1015 2694 Monimo
1026 2633 1065 2694 P.
1078 2632 1115 2694 F.
1127 2633 1167 2694 P.

352 2810 367 2851 «
384 2791 516 2854 Cruenta
530 2793 700 2872 spectacula
716 2793 748 2853 in
766 2793 823 2852 otio
838 2792 917 2853 civili
934 2797 963 2853 et
982 2792 1144 2853 domestica
1157 2792 1259 2872 quiete
1280 2813 1340 2854 non

313 2894 469 2973 «placent
495 2913 501 2953 :
531 2902 714 2976 quapropter
749 2896 870 2956 omnino
897 2897 1075 2976 gladiatores
1103 2916 1169 2958 esse
1195 2898 1337 2980 prohibe·

311 3011 327 3052 o
350 3011 431 3070 mus,
448 3013 499 3053 eos
509 2994 562 3073 qui
572 2995 647 3054 torte
658 2993 837 3054 delictorum
846 3014 937 3058 causa
947 2997 1024 3057 hanc
1039 2995 1239 3058 conditionem
1250 3002 1339 3076 atque

311 3109 327 3150 o
350 3091 528 3152 sententiam
543 3092 654 3152 mereri
675 3099 907 3172 consueverant,
924 3095 1044 3156 metallo
1062 3095 1157 3172 magis
1177 3094 1267 3179 facies
1285 3095 1335 3154 in-

312 3207 327 3247 «
351 3187 479 3264 servire,
499 3194 534 3248 ut
551 3189 615 3250 sine
634 3190 779 3267 sanguine
793 3209 920 3251 suorum
938 3192 1087 3252 scelerum
1107 3210 1213 3272 poenas
1227 3210 1335 3270 agnos-

311 3290 427 3346 «cant.
457 3285 491 3348 P.
517 3286 551 3345 P.
580 3286 681 3366 Beryti
704 3287 763 3347 kal.
789 3287 884 3350 octob.
900 3288 1026 3350 Paulino
1054 3295 1084 3350 et
1108 3289 1226 3350 Juliano
1246 3289 1331 3350 Coss.

312 3383 409 3443 «325
423 3381 514 3466 (l).»
572 3453 574 3458 ¹

349 3479 418 3540 Non
427 3499 481 3558 ego
496 3481 573 3541 hanc
586 3481 685 3558 legem
700 3482 834 3562 spuriam
852 3482 952 3544 dicere
970 3483 1087 3561 ausim,
1103 3503 1203 3563 neque
1220 3483 1281 3544 scio
1299 3503 1337 3546 an

309 3576 341 3638 in
355 3578 417 3638 sola
427 3577 514 3654 urhe,
530 3578 582 3637 ubi
597 3579 747 3664 proposita
764 3579 820 3638 fuit
834 3579 895 3639 vim
910 3580 1059 3643 habuerit.
1080 3579 1170 3660 Nam,
1186 3599 1283 3659 quum
1296 3584 1338 3639 tot
1383 3587 1385 3590 ’

309 3681 339 3737 et
358 3681 439 3736 tanta
458 3675 627 3736 testimonia
647 3677 725 3736 etin
746 3676 865 3754 legibus
886 3678 1101 3756 posterioribus
1121 3684 1152 3739 et
1169 3679 1201 3738 in
1220 3679 1337 3757 scriptis

308 3773 458 3852 lapidibus
473 3779 658 3853 repugnent,
677 3793 782 3851 nemo,
800 3779 833 3833 ut
853 3775 973 3853 opinor,
993 3777 1173 3836 contendere
1192 3781 1288 3855 potest
1304 3775 1336 3834 in

308 3871 391 3931 omni
410 3890 544 3950 unquam
565 3871 709 3950 imperio,
733 3872 926 3934 Constantino
950 3872 1134 3952 imperante,
1156 3892 1223 3933 eam
1237 3873 1336 3951 legem

308 3969 440 4046 stetisse,
462 3974 491 4029 et
513 3975 659 4030 servatam
682 3969 785 4057 fuisse.
805 3969 881 4042 Quis
899 3958 980 4031 enirn
994 3971 1209 4032 Telemachum
1223 3971 1332 4046 nescit,
1360 3988 1364 3996 ·

341 4187 375 4252 (ll
392 4187 455 4240 cod.
479 4187 617 4244 Tteodoru
640 4187 685 4242 lib.
712 4198 758 4252 xv,
777 4189 819 4240 tlt.
838 4187 877 4252 lt,
898 4188 916 4238 l.
940 4189 971 4251 l;
993 4214 1026 4226 -
1040 4189 1102 4240 cod.
1122 4190 1205 4247 Just..
1226 4188 1272 4240 lib.
1296 4197 1333 4247 m,

308 4278 348 4326 tlt.
364 4274 407 4336 45,
421 4273 440 4324 l.
458 4275 481 4324 l.
