3054 5046
787 534 949 595 ..52-

310 663 315 672 “
353 668 485 748 perfecta
493 671 522 728 et
531 673 672 730 exornata
681 668 749 746 fuit,
764 670 953 750 multamque
969 667 1129 731 0101111111
1150 669 1281 730 Orientis
1294 668 1378 729 urbi·

351 765 410 826 bus
423 772 501 827 etex
514 766 599 827 ltalia
611 766 676 846 ipsa
689 769 924 830 commeantium
934 765 1160 829 multitudinem
1169 767 1293 848 accepit,
1304 787 1379 847 quos

350 883 456 924 omnes
469 863 507 924 ad
520 883 617 924 unum
632 864 725 924 luisse
739 865 916 925 christianos
930 885 1055 946 prorsus
1071 864 1248 925 incredibile
1261 869 1308 924 est
1320 870 1380 925 eta

349 983 420 1025 vero
430 965 573 1043 alienum,
590 985 687 1045 quum
700 966 885 1027 Themistius
898 972 1012 1047 postea,
1028 967 1061 1026 in
1075 965 1215 1027 omnibus
1229 966 1292 1026 fere
1307 984 1377 1026 ora·

348 1065 480 1126 tionibus
493 1066 695 1146 templorum,
714 1071 744 1127 et
760 1087 946 1147 paganorum
958 1087 1113 1128 sacrorum
1127 1067 1312 1128 mentionem
1332 1068 1377 1127 ta-

348 1163 420 1241 ciat,
442 1170 472 1224 et
495 1164 552 1224 sub
567 1165 709 1225 orationis
726 1172 818 1226 sexte
833 1167 938 1244 finem,
953 1167 1061 1227 Joucnr
1079 1169 1246 1242 utrimque
1269 1166 1380 1226 Rornae

349 1247 509 1322 caulodem
523 1269 552 1323 et
558 1265 733 1340 praesidem
747 1265 885 1341 appellet
897 1263 965 1346 (l);
979 1265 1036 1325 alio
1052 1264 1116 1325 loco
1132 1265 1172 1323 iis
1183 1265 1380 1324 caerimoniis

284 1353 291 1366 ⁸
345 1360 459 1421 alludat
469 1362 582 1438 quibus
591 1365 764 1438 quotannis
768 1364 925 1439 praesides
934 1363 1150 1440 Apriculturae
1163 1361 1217 1421 Dii
1229 1362 1380 1421 coluntur

346 1460 464 1520 scilicet
472 1460 688 1536 libationibus,
699 1461 879 1539 sacrificiis,
891 1460 1138 1537 epulationibus,
1149 1459 1290 1536 aliisque
1298 1460 1381 1538 ejus·

343 1558 432 1616 modi
446 1555 512 1639 (2);
533 1556 590 1616 alio
606 1557 748 1636 denique,
769 1557 923 1617 Mercurii
938 1563 967 1617 et
985 1558 1155 1617 Musarum
1175 1561 1204 1616 et
1217 1556 1381 1632 Apollinis

343 1655 463 1732 templa
478 1655 731 1734 Constantinopoli
746 1655 856 1734 posita,
868 1655 984 1716 balneis
1004 1658 1033 1715 et
1046 1653 1171 1715 theatris
1184 1659 1215 1714 et
1227 1654 1309 1716 ludis
1319 1656 1377 1716 cir-

343 1753 483 1813 censibus
494 1751 666 1832 posthaberi
680 1757 826 1830 queratur
839 1751 895 1833 (3).

382 1851 524 1911 Attamen
538 1849 630 1909 nullae
646 1856 731 1928 sunt,
748 1849 829 1928 quod
844 1851 948 1927 sciam,
965 1850 996 1909 in
1009 1849 1214 1911 Theodosiana
1233 1855 1264 1910 el
1277 1849 1371 1911 lusti·

344 1947 451 2008 nianeo
461 1940 614 2007 codicibus
633 1946 716 2024 leges
732 1951 784 2006 aut
797 1947 1022 2007 constitutiones
1041 1946 1152 2025 quibus
1167 1946 1241 2025 erigi
1255 1946 1287 2006 in
1301 1966 1376 2008 nova

343 2044 423 2105 urbe
448 2043 562 2123 templa
589 2044 650 2103 sive
677 2045 800 2123 paganis
828 2045 890 2106 sive
912 2044 1082 2105 christianis
1108 2044 1200 2105 sacris
1225 2044 1373 2122 dedicata,

343 2142 556 2204 Constantinus
570 2141 757 2222 praeceperit.

382 2241 422 2301 Ut
441 2259 513 2300 vero
533 2260 571 2300 ex
587 2239 691 2319 legum
710 2245 762 2299 aut
778 2240 994 2319 rescriptorum
1012 2240 1236 2301 auctoritatibus
1254 2245 1372 2301 certum

341 2338 456 2419 aliquid
487 2338 585 2417 colligi
612 2343 719 2417 potest,
749 2339 790 2398 ita
821 2339 995 2399 meminisse
1023 2338 1169 2399 debemus
1200 2357 1279 2398 anno
1313 2337 1373 2398 326

341 2438 571 2501 Constantinum
597 2437 663 2516 lege
683 2437 811 2515 jussisse
834 2442 868 2496 ut
891 2437 953 2498 sola
975 2455 1161 2517 paganorum
1186 2437 1299 2517 templa
1321 2437 1370 2496 in·

340 2538 441 2600 choari
467 2538 581 2614 liceret,
612 2536 695 2596 omni
718 2535 775 2596 alio
802 2553 892 2614 opere
923 2534 1043 2614 publico
1073 2534 1260 2614 posthabito;
1293 2553 1373 2594 anno

340 2637 415 2715 333,
444 2635 475 2695 id
497 2641 543 2695 est
565 2640 632 2714 post
655 2633 805 2694 conditam
829 2632 1131 2711 Constantinopolim,
1156 2631 1371 2710 imperatorem

340 2753 396 2816 per
425 2733 606 2812 rescriptum
630 2731 808 2812 praecepisse
837 2735 871 2790 ut
898 2730 1026 2809 Hispelli
1056 2730 1088 2789 in
1118 2729 1262 2806 Umbria,
1291 2728 1373 2788 aedes

339 2833 450 2895 Flaviae
477 2831 601 2910 quidem
625 2829 705 2908 genti
734 2829 884 2906 dedicata,
916 2829 947 2888 id
971 2833 1017 2888 est
1043 2827 1169 2888 minime
1198 2826 1372 2904 christiana,

341 2931 444 3004 tieret3
464 2933 581 3008 postea,
601 2945 679 2987 anno
698 2925 758 2985 335
775 2925 833 2986 alia
851 2926 917 3004 lege
935 2926 1069 2986 sanxisse
1087 2925 1318 3003 imperatorem,
1335 2944 1373 2984 ne

340 3027 479 3089 flamines
492 3031 522 3087 et
535 3026 720 3102 sacerdota,
739 3023 770 3084 id
792 3029 837 3084 est
856 3043 1042 3103 paganorum
1064 3042 1219 3084 sacrorum
1240 3022 1348 3084 minist
1366 3023 1372 3034 '

341 3127 502 3188 curialium
524 3143 689 3185 munerum
713 3124 856 3185 oneribus
880 3124 1117 3204 subjicerentur,
1144 3143 1197 3200 ea,
1222 3128 1256 3182 ut
1283 3128 1371 3203 puto,

340 3229 457 3301 mente,
475 3227 508 3282 ut
520 3222 585 3282 sine
605 3221 668 3282 ulla
680 3220 918 3300 interpellatione
933 3220 1040 3280 divinis
1054 3220 1206 3300 obsequiis
1222 3219 1373 3280 deservire

341 3326 464 3403 possent
477 3317 544 3402 (4);
559 3317 667 3380 deinde
681 3336 759 3379 anno
772 3317 831 3377 337
847 3318 906 3379 alia
917 3317 990 3378 item
1005 3317 1082 3396 lege,
1096 3317 1187 3378 aeneis
1197 3317 1309 3377 tabulis
1321 3317 1370 3377 in-

374 3534 411 3604 (1)
427 3504 452 3578 it
461 3521 572 3597 pauca
583 3525 635 3587 ζεῦ,
647 3516 667 3575 ὧ
678 3523 756 3596 πάτερ
769 3524 913 3598 ἀνθρώπων,
928 3517 948 3575 ὧ
959 3520 1078 3594 πολιοῦχε
1087 3523 1130 3574 καὶ
1141 3525 1186 3584 τῆς
1204 3518 1265 3583 idac
1284 3521 1371 3594 Ρώμης

339 3629 381 3682 καὶ
392 3629 437 3685 ri:
448 3621 573 3696 ἕσπερίας,
587 3618 716 3693 palairaci:
723 3621 767 3694 μὲν
778 3625 827 3672 τῶν
837 3617 930 3673 πόλεων
943 3618 988 3678 r'ar
1000 3615 1132 3693 ξυνωρίδα.
1145 3625 1251 3692 (Tuum,
1266 3630 1333 3674 0111.
1345 3623 1370 3686 6,

340 3719 382 3771 ed.
399 3714 488 3776 hard,
504 3727 528 3776 p.
545 3713 588 3763 aa.

375 3805 437 3854 ttern
452 3799 500 3851 sub
515 3797 592 3848 tinem
606 3802 672 3848 0111.
687 3797 728 3859 ta,
738 3797 894 3847 'themistius
908 3797 996 3846 torem
1009 3801 1037 3846 01
1049 3795 1186 3844 Minervam
1200 3799 1228 3844 01
1240 3791 1370 3854 Quirinum

339 3889 450 3941 invocat.
466 3886 518 3936 Etsi
532 3883 658 3934 rhetorice
673 3882 705 3931 de
720 3883 799 3932 veteri
812 3881 935 3945 religione
945 3881 1100 3931 Themistius
1114 3880 1243 3943 loquatur,
1258 3875 1370 3926 animad-

341 3973 489 4027 vertendum
500 3975 608 4028 osteum
620 3967 725 4032 paganis
734 3966 873 4030 saepissime
883 3965 1030 4017 numinibus
1041 3963 1164 4026 alludere,
1178 3963 1238 4014 dum
1250 3961 1282 4012 de
1292 3961 1372 4012 cbris-

336 4063 416 4116 tiants
430 4056 534 4109 010111110
546 4060 639 4104 110011.

370 4144 405 4210 (a)
423 4144 520 4202 Turn,
535 4145 601 4190 orat.
617 4137 660 4199 30,
676 4152 702 4203 p.
718 4137 779 4188 519.

369 4228 405 4295 (3)
421 4229 520 4287 Tuan,
535 4228 601 4275 orat.
617 4223 660 4284 11,
676 4237 701 4286 p.
718 4221 779 4274 506.

368 4311 404 4381 (t)
422 4330 435 4358 a
454 4309 577 4374 Quoniam
592 4302 1136 4370 1111111111οε00100001101111111001111111
1153 4302 1180 4354 iu
1198 4314 1246 4353 sua
1261 4314 1369 4367 corpore
