<?xml version="1.0" encoding="UTF-8"?>
<!DOCTYPE html PUBLIC "-//W3C//DTD XHTML 1.0 Transitional//EN"
    "http://www.w3.org/TR/xhtml1/DTD/xhtml1-transitional.dtd">
<html xmlns="http://www.w3.org/1999/xhtml" xml:lang="en" lang="en">
 <head>
  <title>
</title>
<meta http-equiv="Content-Type" content="text/html;charset=utf-8" />
  <meta name='ocr-system' content='tesseract 3.04.00' />
  <meta name='ocr-capabilities' content='ocr_page ocr_carea ocr_par ocr_line ocrx_word'/>
</head>
<body>
  <div class='ocr_page' id='page_1' title='image "./deconstantinoim00aubgoog_0068.png"; bbox 0 0 3054 5046; ppageno 0'>
   <div class='ocr_carea' id='block_1_1' title="bbox 597 583 757 644">
    <p class='ocr_par' dir='ltr' id='par_1_1' title="bbox 597 583 757 644">
     <span class='ocr_line' id='line_1_1' title="bbox 597 583 757 644; baseline 0.006 -15"><span class='ocrx_word' id='word_1_1' title='bbox 597 583 757 644; x_wconf 66' lang='lat'>..59-</span> 
     </span>
    </p>
   </div>
   <div class='ocr_carea' id='block_1_2' title="bbox 114 715 1198 2270">
    <p class='ocr_par' dir='ltr' id='par_1_2' title="bbox 114 715 1198 2270">
     <span class='ocr_line' id='line_1_2' title="bbox 160 715 1194 798; baseline -0.003 -18"><span class='ocrx_word' id='word_1_2' title='bbox 160 719 319 798; x_wconf 85' lang='lat' dir='ltr'>majestate</span> <span class='ocrx_word' id='word_1_3' title='bbox 333 718 470 795; x_wconf 85' lang='lat' dir='ltr'>delubra,</span> <span class='ocrx_word' id='word_1_4' title='bbox 487 718 539 778; x_wconf 92' lang='lat' dir='ltr'>sed</span> <span class='ocrx_word' id='word_1_5' title='bbox 553 717 704 778; x_wconf 89' lang='lat' dir='ltr'>scelerum</span> <span class='ocrx_word' id='word_1_6' title='bbox 717 721 748 778; x_wconf 88' lang='lat' dir='ltr'>et</span> <span class='ocrx_word' id='word_1_7' title='bbox 765 715 905 796; x_wconf 71' lang='lat' dir='ltr'>nequitiae</span> <span class='ocrx_word' id='word_1_8' title='bbox 925 715 1076 777; x_wconf 83' lang='lat' dir='ltr'>officinam</span> <span class='ocrx_word' id='word_1_9' title='bbox 1102 715 1194 777; x_wconf 91' lang='lat' dir='ltr'>everti</span> 
     </span>
     <span class='ocr_line' id='line_1_3' title="bbox 159 813 1194 896; baseline -0.004 -20"><span class='ocrx_word' id='word_1_10' title='bbox 159 816 315 896; x_wconf 88' lang='lat' dir='ltr'>praecepit.</span> <span class='ocrx_word' id='word_1_11' title='bbox 332 815 472 875; x_wconf 88' lang='lat' dir='ltr'>Tiberius</span> <span class='ocrx_word' id='word_1_12' title='bbox 486 835 557 876; x_wconf 87' lang='lat' dir='ltr'>sane</span> <span class='ocrx_word' id='word_1_13' title='bbox 571 833 632 875; x_wconf 92' lang='lat' dir='ltr'>non</span> <span class='ocrx_word' id='word_1_14' title='bbox 647 814 811 893; x_wconf 89' lang='lat' dir='ltr'>sacrilegus</span> <span class='ocrx_word' id='word_1_15' title='bbox 820 815 964 874; x_wconf 88' lang='lat' dir='ltr'>Romanae</span> <span class='ocrx_word' id='word_1_16' title='bbox 975 813 1128 892; x_wconf 84' lang='lat' dir='ltr'>religionis</span> <span class='ocrx_word' id='word_1_17' title='bbox 1143 814 1194 872; x_wconf 91' lang='lat' dir='ltr'>de-</span> 
     </span>
     <span class='ocr_line' id='line_1_4' title="bbox 160 913 1192 995; baseline 0.001 -21"><span class='ocrx_word' id='word_1_18' title='bbox 160 916 267 995; x_wconf 88' lang='lat' dir='ltr'>pulsor</span> <span class='ocrx_word' id='word_1_19' title='bbox 282 915 436 994; x_wconf 88' lang='lat' dir='ltr'>quondam</span> <span class='ocrx_word' id='word_1_20' title='bbox 450 914 628 991; x_wconf 78' lang='lat' dir='ltr'>habebatur,</span> <span class='ocrx_word' id='word_1_21' title='bbox 644 914 697 974; x_wconf 92' lang='lat' dir='ltr'>sed</span> <span class='ocrx_word' id='word_1_22' title='bbox 715 915 795 974; x_wconf 84' lang='lat' dir='ltr'>laesae</span> <span class='ocrx_word' id='word_1_23' title='bbox 819 913 927 974; x_wconf 74' lang='lat' dir='ltr'>divinae</span> <span class='ocrx_word' id='word_1_24' title='bbox 941 915 1104 993; x_wconf 88' lang='lat' dir='ltr'>majestatis</span> <span class='ocrx_word' id='word_1_25' title='bbox 1125 915 1192 976; x_wconf 87' lang='lat' dir='ltr'>vin-</span> 
     </span>
     <span class='ocr_line' id='line_1_5' title="bbox 162 1011 1194 1093; baseline 0 -21"><span class='ocrx_word' id='word_1_26' title='bbox 162 1013 232 1089; x_wconf 89' lang='lat' dir='ltr'>dex,</span> <span class='ocrx_word' id='word_1_27' title='bbox 253 1032 352 1092; x_wconf 91' lang='lat' dir='ltr'>quum</span> <span class='ocrx_word' id='word_1_28' title='bbox 372 1017 439 1092; x_wconf 88' lang='lat' dir='ltr'>post</span> <span class='ocrx_word' id='word_1_29' title='bbox 463 1011 652 1073; x_wconf 88' lang='lat' dir='ltr'>sacerdotum</span> <span class='ocrx_word' id='word_1_30' title='bbox 676 1011 809 1090; x_wconf 86' lang='lat' dir='ltr'>fraudes,</span> <span class='ocrx_word' id='word_1_31' title='bbox 835 1012 923 1072; x_wconf 89' lang='lat' dir='ltr'>Isidis</span> <span class='ocrx_word' id='word_1_32' title='bbox 946 1013 1105 1093; x_wconf 90' lang='lat' dir='ltr'>templum,</span> <span class='ocrx_word' id='word_1_33' title='bbox 1126 1031 1194 1092; x_wconf 84' lang='lat' dir='ltr'>quae</span> 
     </span>
     <span class='ocr_line' id='line_1_6' title="bbox 162 1110 1192 1190; baseline 0 -19"><span class='ocrx_word' id='word_1_34' title='bbox 162 1131 253 1172; x_wconf 86' lang='lat' dir='ltr'>scena</span> <span class='ocrx_word' id='word_1_35' title='bbox 268 1110 371 1189; x_wconf 83' lang='lat' dir='ltr'>flagitii</span> <span class='ocrx_word' id='word_1_36' title='bbox 386 1112 493 1188; x_wconf 87' lang='lat' dir='ltr'>luerat,</span> <span class='ocrx_word' id='word_1_37' title='bbox 510 1111 572 1170; x_wconf 91' lang='lat' dir='ltr'>solo</span> <span class='ocrx_word' id='word_1_38' title='bbox 586 1110 700 1190; x_wconf 84' lang='lat' dir='ltr'>aequari</span> <span class='ocrx_word' id='word_1_39' title='bbox 714 1116 744 1170; x_wconf 91' lang='lat' dir='ltr'>et</span> <span class='ocrx_word' id='word_1_40' title='bbox 757 1110 828 1170; x_wconf 87' lang='lat' dir='ltr'>Deae</span> <span class='ocrx_word' id='word_1_41' title='bbox 844 1110 1043 1171; x_wconf 84' lang='lat' dir='ltr'>simulacrum</span> <span class='ocrx_word' id='word_1_42' title='bbox 1054 1111 1087 1170; x_wconf 90' lang='lat' dir='ltr'>in</span> <span class='ocrx_word' id='word_1_43' title='bbox 1101 1111 1192 1171; x_wconf 92' lang='lat' dir='ltr'>Tibe-</span> 
     </span>
     <span class='ocr_line' id='line_1_7' title="bbox 114 1211 1196 1294; baseline 0.001 -20"><span class='ocrx_word' id='word_1_44' title='bbox 114 1220 117 1224; x_wconf 82' lang='lat'>&#39;</span> <span class='ocrx_word' id='word_1_45' title='bbox 165 1215 224 1274; x_wconf 90' lang='lat' dir='ltr'>rim</span> <span class='ocrx_word' id='word_1_46' title='bbox 246 1213 361 1275; x_wconf 83' lang='lat' dir='ltr'>demitti</span> <span class='ocrx_word' id='word_1_47' title='bbox 372 1213 494 1292; x_wconf 86' lang='lat' dir='ltr'>juberet</span> <span class='ocrx_word' id='word_1_48' title='bbox 509 1211 565 1294; x_wconf 87' lang='lat' dir='ltr'>(t).</span> <span class='ocrx_word' id='word_1_49' title='bbox 582 1214 646 1274; x_wconf 86' lang='lat' dir='ltr'>Cur</span> <span class='ocrx_word' id='word_1_50' title='bbox 665 1213 791 1274; x_wconf 90' lang='lat' dir='ltr'>enimin</span> <span class='ocrx_word' id='word_1_51' title='bbox 806 1215 871 1274; x_wconf 86' lang='lat' dir='ltr'>haec</span> <span class='ocrx_word' id='word_1_52' title='bbox 883 1218 1001 1274; x_wconf 88' lang='lat' dir='ltr'>tantum</span> <span class='ocrx_word' id='word_1_53' title='bbox 1015 1213 1072 1275; x_wconf 87' lang='lat' dir='ltr'>tria</span> <span class='ocrx_word' id='word_1_54' title='bbox 1084 1213 1196 1293; x_wconf 87' lang='lat' dir='ltr'>templa</span> 
     </span>
     <span class='ocr_line' id='line_1_8' title="bbox 165 1309 1195 1388; baseline 0 -18"><span class='ocrx_word' id='word_1_55' title='bbox 165 1309 378 1372; x_wconf 82' lang='lat' dir='ltr'>Constantinus</span> <span class='ocrx_word' id='word_1_56' title='bbox 391 1310 508 1370; x_wconf 75' lang='lat' dir='ltr'>saeviit?</span> <span class='ocrx_word' id='word_1_57' title='bbox 524 1310 586 1371; x_wconf 89' lang='lat' dir='ltr'>Cur</span> <span class='ocrx_word' id='word_1_58' title='bbox 600 1310 836 1388; x_wconf 78' lang='lat' dir='ltr'>sexcentis&#39;aliis,</span> <span class='ocrx_word' id='word_1_59' title='bbox 848 1311 947 1370; x_wconf 89' lang='lat' dir='ltr'>adhuc</span> <span class='ocrx_word' id='word_1_60' title='bbox 960 1311 1017 1371; x_wconf 92' lang='lat' dir='ltr'>sub</span> <span class='ocrx_word' id='word_1_61' title='bbox 1030 1311 1195 1371; x_wconf 89' lang='lat' dir='ltr'>Theodosio</span> 
     </span>
     <span class='ocr_line' id='line_1_9' title="bbox 165 1400 1196 1487; baseline -0.001 -19"><span class='ocrx_word' id='word_1_62' title='bbox 165 1408 325 1485; x_wconf 85' lang='lat' dir='ltr'>stantibus,</span> <span class='ocrx_word' id='word_1_63' title='bbox 342 1414 371 1468; x_wconf 92' lang='lat' dir='ltr'>et</span> <span class='ocrx_word' id='word_1_64' title='bbox 386 1408 552 1487; x_wconf 87' lang='lat' dir='ltr'>majoribus</span> <span class='ocrx_word' id='word_1_65' title='bbox 576 1413 605 1469; x_wconf 92' lang='lat' dir='ltr'>et</span> <span class='ocrx_word' id='word_1_66' title='bbox 628 1427 777 1468; x_wconf 77' lang='lat' dir='ltr'>concursu</span> <span class='ocrx_word' id='word_1_67' title='bbox 800 1408 959 1470; x_wconf 91' lang='lat' dir='ltr'>hominum</span> <span class='ocrx_word' id='word_1_68' title='bbox 982 1400 1196 1469; x_wconf 87' lang='lat' dir='ltr'>celebrioribus</span> 
     </span>
     <span class='ocr_line' id='line_1_10' title="bbox 167 1505 1198 1586; baseline -0.001 -20"><span class='ocrx_word' id='word_1_69' title='bbox 167 1505 313 1585; x_wconf 88' lang='lat' dir='ltr'>pepercit,</span> <span class='ocrx_word' id='word_1_70' title='bbox 330 1505 387 1566; x_wconf 92' lang='lat' dir='ltr'>nisi</span> <span class='ocrx_word' id='word_1_71' title='bbox 403 1507 483 1586; x_wconf 87' lang='lat' dir='ltr'>quod</span> <span class='ocrx_word' id='word_1_72' title='bbox 498 1524 547 1566; x_wconf 92' lang='lat' dir='ltr'>res</span> <span class='ocrx_word' id='word_1_73' title='bbox 563 1525 663 1566; x_wconf 88' lang='lat' dir='ltr'>sacras</span> <span class='ocrx_word' id='word_1_74' title='bbox 675 1525 735 1566; x_wconf 91' lang='lat' dir='ltr'>non</span> <span class='ocrx_word' id='word_1_75' title='bbox 748 1511 811 1567; x_wconf 87' lang='lat' dir='ltr'>tarn</span> <span class='ocrx_word' id='word_1_76' title='bbox 824 1506 933 1566; x_wconf 85' lang='lat' dir='ltr'>violare</span> <span class='ocrx_word' id='word_1_77' title='bbox 947 1525 1038 1586; x_wconf 86' lang='lat' dir='ltr'>quam</span> <span class='ocrx_word' id='word_1_78' title='bbox 1049 1505 1198 1583; x_wconf 83' lang='lat' dir='ltr'>corrigere</span> 
     </span>
     <span class='ocr_line' id='line_1_11' title="bbox 166 1603 1197 1683; baseline -0.003 -19"><span class='ocrx_word' id='word_1_79' title='bbox 166 1609 195 1664; x_wconf 92' lang='lat' dir='ltr'>et</span> <span class='ocrx_word' id='word_1_80' title='bbox 209 1622 339 1683; x_wconf 90' lang='lat' dir='ltr'>purgare</span> <span class='ocrx_word' id='word_1_81' title='bbox 353 1604 503 1664; x_wconf 79' lang='lat' dir='ltr'>voluerit?</span> <span class='ocrx_word' id='word_1_82' title='bbox 518 1605 581 1665; x_wconf 92' lang='lat' dir='ltr'>Nec</span> <span class='ocrx_word' id='word_1_83' title='bbox 595 1608 697 1664; x_wconf 86' lang='lat' dir='ltr'>tamen</span> <span class='ocrx_word' id='word_1_84' title='bbox 711 1624 771 1683; x_wconf 90' lang='lat' dir='ltr'>qua</span> <span class='ocrx_word' id='word_1_85' title='bbox 785 1610 885 1665; x_wconf 90' lang='lat' dir='ltr'>mente</span> <span class='ocrx_word' id='word_1_86' title='bbox 896 1603 927 1665; x_wconf 94' lang='lat' dir='ltr'>id</span> <span class='ocrx_word' id='word_1_87' title='bbox 941 1608 1043 1683; x_wconf 89' lang='lat' dir='ltr'>ageret</span> <span class='ocrx_word' id='word_1_88' title='bbox 1057 1603 1197 1664; x_wconf 75' lang='lat' dir='ltr'>menites</span> 
     </span>
     <span class='ocr_line' id='line_1_12' title="bbox 167 1701 1197 1782; baseline 0.001 -21"><span class='ocrx_word' id='word_1_89' title='bbox 167 1706 235 1761; x_wconf 89' lang='lat' dir='ltr'>tum</span> <span class='ocrx_word' id='word_1_90' title='bbox 261 1706 318 1778; x_wconf 90' lang='lat' dir='ltr'>est,</span> <span class='ocrx_word' id='word_1_91' title='bbox 344 1719 518 1781; x_wconf 90' lang='lat' dir='ltr'>quanquam</span> <span class='ocrx_word' id='word_1_92' title='bbox 545 1701 669 1782; x_wconf 90' lang='lat' dir='ltr'>propius</span> <span class='ocrx_word' id='word_1_93' title='bbox 691 1721 762 1762; x_wconf 93' lang='lat' dir='ltr'>vero</span> <span class='ocrx_word' id='word_1_94' title='bbox 791 1707 837 1762; x_wconf 91' lang='lat' dir='ltr'>est</span> <span class='ocrx_word' id='word_1_95' title='bbox 863 1721 935 1762; x_wconf 86' lang='lat' dir='ltr'>curn</span> <span class='ocrx_word' id='word_1_96' title='bbox 961 1701 1064 1781; x_wconf 91' lang='lat' dir='ltr'>iniqua</span> <span class='ocrx_word' id='word_1_97' title='bbox 1096 1705 1197 1762; x_wconf 87' lang='lat' dir='ltr'>mente</span> 
     </span>
     <span class='ocr_line' id='line_1_13' title="bbox 167 1798 1194 1878; baseline -0.001 -20"><span class='ocrx_word' id='word_1_98' title='bbox 167 1799 275 1878; x_wconf 85' lang='lat' dir='ltr'>egisse.</span> <span class='ocrx_word' id='word_1_99' title='bbox 291 1798 409 1877; x_wconf 89' lang='lat' dir='ltr'>Nempe</span> <span class='ocrx_word' id='word_1_100' title='bbox 424 1805 491 1877; x_wconf 90' lang='lat' dir='ltr'>post</span> <span class='ocrx_word' id='word_1_101' title='bbox 503 1799 594 1860; x_wconf 84' lang='lat' dir='ltr'>factas</span> <span class='ocrx_word' id='word_1_102' title='bbox 608 1805 642 1859; x_wconf 93' lang='lat' dir='ltr'>ut</span> <span class='ocrx_word' id='word_1_103' title='bbox 654 1798 738 1859; x_wconf 91' lang='lat' dir='ltr'>aiunt</span> <span class='ocrx_word' id='word_1_104' title='bbox 751 1798 952 1878; x_wconf 86' lang='lat' dir='ltr'>amplissimas</span> <span class='ocrx_word' id='word_1_105' title='bbox 966 1798 1109 1858; x_wconf 87' lang='lat' dir='ltr'>Ecclesiis</span> <span class='ocrx_word' id='word_1_106' title='bbox 1131 1798 1194 1858; x_wconf 87' lang='lat' dir='ltr'>lar-</span> 
     </span>
     <span class='ocr_line' id='line_1_14' title="bbox 166 1895 1194 1981; baseline 0 -27"><span class='ocrx_word' id='word_1_107' title='bbox 166 1895 292 1974; x_wconf 90' lang='lat' dir='ltr'>gitiones</span> <span class='ocrx_word' id='word_1_108' title='bbox 306 1899 336 1956; x_wconf 88' lang='lat' dir='ltr'>et</span> <span class='ocrx_word' id='word_1_109' title='bbox 346 1914 447 1956; x_wconf 90' lang='lat' dir='ltr'>annua</span> <span class='ocrx_word' id='word_1_110' title='bbox 460 1895 608 1973; x_wconf 87' lang='lat' dir='ltr'>congiaria</span> <span class='ocrx_word' id='word_1_111' title='bbox 621 1896 729 1956; x_wconf 90' lang='lat' dir='ltr'>iisdem</span> <span class='ocrx_word' id='word_1_112' title='bbox 744 1914 895 1974; x_wconf 85' lang='lat' dir='ltr'>concessa,</span> <span class='ocrx_word' id='word_1_113' title='bbox 912 1913 994 1972; x_wconf 91' lang='lat' dir='ltr'>cum,</span> <span class='ocrx_word' id='word_1_114' title='bbox 1009 1914 1102 1956; x_wconf 87' lang='lat' dir='ltr'>vacuo</span> <span class='ocrx_word' id='word_1_115' title='bbox 1117 1913 1194 1981; x_wconf 78' lang='lat' dir='ltr'>aera-</span> 
     </span>
     <span class='ocr_line' id='line_1_15' title="bbox 168 1993 1198 2073; baseline 0 -21"><span class='ocrx_word' id='word_1_116' title='bbox 168 1993 223 2071; x_wconf 89' lang='lat' dir='ltr'>rio,</span> <span class='ocrx_word' id='word_1_117' title='bbox 240 2013 324 2053; x_wconf 86' lang='lat' dir='ltr'>novae</span> <span class='ocrx_word' id='word_1_118' title='bbox 339 1993 408 2053; x_wconf 91' lang='lat' dir='ltr'>urbi</span> <span class='ocrx_word' id='word_1_119' title='bbox 421 1994 611 2054; x_wconf 75' lang='lat' dir='ltr'>exstruendae</span> <span class='ocrx_word' id='word_1_120' title='bbox 626 1994 827 2073; x_wconf 87' lang='lat' dir='ltr'>ornandaeque</span> <span class='ocrx_word' id='word_1_121' title='bbox 852 1993 1036 2054; x_wconf 88' lang='lat' dir='ltr'>necessarios</span> <span class='ocrx_word' id='word_1_122' title='bbox 1057 1999 1198 2072; x_wconf 90' lang='lat' dir='ltr'>sumptus</span> 
     </span>
     <span class='ocr_line' id='line_1_16' title="bbox 168 2092 1196 2171; baseline 0 -20"><span class='ocrx_word' id='word_1_123' title='bbox 168 2110 330 2170; x_wconf 87' lang='lat' dir='ltr'>suggerere</span> <span class='ocrx_word' id='word_1_124' title='bbox 344 2110 404 2151; x_wconf 95' lang='lat' dir='ltr'>non</span> <span class='ocrx_word' id='word_1_125' title='bbox 419 2097 530 2171; x_wconf 92' lang='lat' dir='ltr'>posset,</span> <span class='ocrx_word' id='word_1_126' title='bbox 545 2092 704 2171; x_wconf 87' lang='lat' dir='ltr'>pecuniam</span> <span class='ocrx_word' id='word_1_127' title='bbox 720 2111 836 2152; x_wconf 90' lang='lat' dir='ltr'>sacram</span> <span class='ocrx_word' id='word_1_128' title='bbox 851 2097 880 2152; x_wconf 92' lang='lat' dir='ltr'>et</span> <span class='ocrx_word' id='word_1_129' title='bbox 893 2097 1034 2170; x_wconf 85' lang='lat' dir='ltr'>argentea</span> <span class='ocrx_word' id='word_1_130' title='bbox 1046 2110 1196 2170; x_wconf 86' lang='lat' dir='ltr'>aureaque</span> 
     </span>
     <span class='ocr_line' id='line_1_17' title="bbox 166 2190 1195 2270; baseline 0.001 -21"><span class='ocrx_word' id='word_1_131' title='bbox 166 2209 236 2250; x_wconf 87' lang='lat' dir='ltr'>vasa</span> <span class='ocrx_word' id='word_1_132' title='bbox 256 2191 441 2270; x_wconf 92' lang='lat' dir='ltr'>templorum</span> <span class='ocrx_word' id='word_1_133' title='bbox 465 2192 634 2268; x_wconf 82' lang='lat' dir='ltr'>detrahere,</span> <span class='ocrx_word' id='word_1_134' title='bbox 658 2192 868 2270; x_wconf 82' lang='lat' dir='ltr'>instigantibus</span> <span class='ocrx_word' id='word_1_135' title='bbox 892 2192 993 2251; x_wconf 87' lang='lat' dir='ltr'>forsan</span> <span class='ocrx_word' id='word_1_136' title='bbox 1016 2190 1195 2266; x_wconf 75' lang='lat' dir='ltr'>christianin,</span> 
     </span>
    </p>
   </div>
   <div class='ocr_carea' id='block_1_3' title="bbox 167 2287 1284 2368">
    <p class='ocr_par' dir='ltr' id='par_1_3' title="bbox 167 2287 1284 2368">
     <span class='ocr_line' id='line_1_18' title="bbox 167 2287 1284 2368; baseline 0.001 -22"><span class='ocrx_word' id='word_1_137' title='bbox 167 2287 396 2364; x_wconf 83' lang='lat' dir='ltr'>nondubitavit,</span> <span class='ocrx_word' id='word_1_138' title='bbox 417 2288 515 2368; x_wconf 88' lang='lat' dir='ltr'>iisque</span> <span class='ocrx_word' id='word_1_139' title='bbox 533 2288 613 2348; x_wconf 91' lang='lat' dir='ltr'>ultro</span> <span class='ocrx_word' id='word_1_140' title='bbox 623 2289 709 2367; x_wconf 89' lang='lat' dir='ltr'>quasi</span> <span class='ocrx_word' id='word_1_141' title='bbox 728 2307 766 2348; x_wconf 82' lang='lat' dir='ltr'>ex</span> <span class='ocrx_word' id='word_1_142' title='bbox 786 2289 852 2366; x_wconf 86' lang='lat' dir='ltr'>ejus</span> <span class='ocrx_word' id='word_1_143' title='bbox 866 2288 1037 2348; x_wconf 82' lang='lat' dir='ltr'>auctoritate</span> <span class='ocrx_word' id='word_1_144' title='bbox 1052 2287 1195 2367; x_wconf 84' lang='lat' dir='ltr'>rapienti·</span> <span class='ocrx_word' id='word_1_145' title='bbox 1282 2319 1284 2325; x_wconf 94' lang='lat'>·</span> 
     </span>
    </p>
   </div>
   <div class='ocr_carea' id='block_1_4' title="bbox 166 2369 1197 2464">
    <p class='ocr_par' dir='ltr' id='par_1_4' title="bbox 166 2369 1197 2464">
     <span class='ocr_line' id='line_1_19' title="bbox 166 2369 1197 2464; baseline 0.002 -20"><span class='ocrx_word' id='word_1_146' title='bbox 166 2385 224 2444; x_wconf 90' lang='lat' dir='ltr'>bus</span> <span class='ocrx_word' id='word_1_147' title='bbox 238 2404 299 2445; x_wconf 92' lang='lat' dir='ltr'>non</span> <span class='ocrx_word' id='word_1_148' title='bbox 314 2384 385 2446; x_wconf 86' lang='lat' dir='ltr'>satis</span> <span class='ocrx_word' id='word_1_149' title='bbox 402 2386 575 2446; x_wconf 87' lang='lat' dir='ltr'>moderatus</span> <span class='ocrx_word' id='word_1_150' title='bbox 594 2391 649 2446; x_wconf 90' lang='lat' dir='ltr'>est.</span> <span class='ocrx_word' id='word_1_151' title='bbox 665 2386 745 2463; x_wconf 87' lang='lat' dir='ltr'>Tum</span> <span class='ocrx_word' id='word_1_152' title='bbox 762 2369 826 2446; x_wconf 71' lang='lat' dir='ltr'>side</span> <span class='ocrx_word' id='word_1_153' title='bbox 840 2385 931 2446; x_wconf 86' lang='lat' dir='ltr'>dubio</span> <span class='ocrx_word' id='word_1_154' title='bbox 946 2405 989 2446; x_wconf 88' lang='lat' dir='ltr'>eae</span> <span class='ocrx_word' id='word_1_155' title='bbox 1000 2405 1075 2464; x_wconf 88' lang='lat' dir='ltr'>quas</span> <span class='ocrx_word' id='word_1_156' title='bbox 1090 2385 1197 2446; x_wconf 88' lang='lat' dir='ltr'>acerbe</span> 
     </span>
    </p>
   </div>
   <div class='ocr_carea' id='block_1_5' title="bbox 168 2480 1301 2563">
    <p class='ocr_par' dir='ltr' id='par_1_5' title="bbox 168 2480 1301 2563">
     <span class='ocr_line' id='line_1_20' title="bbox 168 2480 1301 2563; baseline -0.001 -21"><span class='ocrx_word' id='word_1_157' title='bbox 168 2482 274 2561; x_wconf 85' lang='lat' dir='ltr'>pagani</span> <span class='ocrx_word' id='word_1_158' title='bbox 294 2481 453 2562; x_wconf 87' lang='lat' dir='ltr'>scriptores</span> <span class='ocrx_word' id='word_1_159' title='bbox 467 2488 705 2562; x_wconf 88' lang='lat' dir='ltr'>conqueruntur,</span> <span class='ocrx_word' id='word_1_160' title='bbox 721 2483 875 2543; x_wconf 90' lang='lat' dir='ltr'>nonnullis</span> <span class='ocrx_word' id='word_1_161' title='bbox 894 2483 926 2542; x_wconf 92' lang='lat' dir='ltr'>in</span> <span class='ocrx_word' id='word_1_162' title='bbox 938 2483 1070 2563; x_wconf 79' lang='lat' dir='ltr'>templiS,</span> <span class='ocrx_word' id='word_1_163' title='bbox 1089 2480 1195 2542; x_wconf 90' lang='lat' dir='ltr'>Orien·</span> <span class='ocrx_word' id='word_1_164' title='bbox 1298 2509 1301 2518; x_wconf 96' lang='lat'>·</span> 
     </span>
    </p>
   </div>
   <div class='ocr_carea' id='block_1_6' title="bbox 167 2580 1199 2758">
    <p class='ocr_par' dir='ltr' id='par_1_6' title="bbox 167 2580 1199 2758">
     <span class='ocr_line' id='line_1_21' title="bbox 167 2580 1199 2662; baseline 0.002 -23"><span class='ocrx_word' id='word_1_165' title='bbox 167 2581 205 2641; x_wconf 91' lang='lat' dir='ltr'>tis</span> <span class='ocrx_word' id='word_1_166' title='bbox 219 2581 399 2661; x_wconf 87' lang='lat' dir='ltr'>praesertim,</span> <span class='ocrx_word' id='word_1_167' title='bbox 416 2580 608 2662; x_wconf 85' lang='lat' dir='ltr'>direptiones,</span> <span class='ocrx_word' id='word_1_168' title='bbox 625 2600 700 2660; x_wconf 87' lang='lat' dir='ltr'>quas</span> <span class='ocrx_word' id='word_1_169' title='bbox 714 2581 843 2661; x_wconf 85' lang='lat' dir='ltr'>privatas</span> <span class='ocrx_word' id='word_1_170' title='bbox 856 2587 885 2642; x_wconf 91' lang='lat' dir='ltr'>et</span> <span class='ocrx_word' id='word_1_171' title='bbox 899 2581 978 2642; x_wconf 86' lang='lat' dir='ltr'>ultra</span> <span class='ocrx_word' id='word_1_172' title='bbox 988 2600 1079 2660; x_wconf 89' lang='lat' dir='ltr'>quarn</span> <span class='ocrx_word' id='word_1_173' title='bbox 1089 2580 1199 2641; x_wconf 90' lang='lat' dir='ltr'>voluis-</span> 
     </span>
     <span class='ocr_line' id='line_1_22' title="bbox 169 2678 1198 2758; baseline 0.002 -20"><span class='ocrx_word' id='word_1_174' title='bbox 169 2683 212 2738; x_wconf 88' lang='lat' dir='ltr'>set</span> <span class='ocrx_word' id='word_1_175' title='bbox 231 2679 372 2758; x_wconf 89' lang='lat' dir='ltr'>princeps</span> <span class='ocrx_word' id='word_1_176' title='bbox 392 2679 495 2756; x_wconf 84' lang='lat' dir='ltr'>factas,</span> <span class='ocrx_word' id='word_1_177' title='bbox 509 2679 579 2739; x_wconf 90' lang='lat' dir='ltr'>lieet</span> <span class='ocrx_word' id='word_1_178' title='bbox 604 2679 769 2740; x_wconf 85' lang='lat' dir='ltr'>affirmare.</span> <span class='ocrx_word' id='word_1_179' title='bbox 791 2680 887 2740; x_wconf 87' lang='lat' dir='ltr'>Testis</span> <span class='ocrx_word' id='word_1_180' title='bbox 913 2686 959 2741; x_wconf 91' lang='lat' dir='ltr'>est</span> <span class='ocrx_word' id='word_1_181' title='bbox 979 2678 1122 2739; x_wconf 87' lang='lat' dir='ltr'>Libanius</span> <span class='ocrx_word' id='word_1_182' title='bbox 1145 2679 1198 2758; x_wconf 92' lang='lat' dir='ltr'>qui</span> 
     </span>
    </p>
   </div>
   <div class='ocr_carea' id='block_1_7' title="bbox 142 2780 1267 3352">
    <p class='ocr_par' dir='ltr' id='par_1_7' title="bbox 142 2780 1267 3352">
     <span class='ocr_line' id='line_1_23' title="bbox 161 2780 1196 2861; baseline 0.006 -22"><span class='ocrx_word' id='word_1_183' title='bbox 161 2780 268 2858; x_wconf 85' lang='lat' dir='ltr'>prodit</span> <span class='ocrx_word' id='word_1_184' title='bbox 280 2780 396 2840; x_wconf 83' lang='lat' dir='ltr'>habitas</span> <span class='ocrx_word' id='word_1_185' title='bbox 411 2781 467 2841; x_wconf 91' lang='lat' dir='ltr'>sub</span> <span class='ocrx_word' id='word_1_186' title='bbox 480 2781 598 2841; x_wconf 85' lang='lat' dir='ltr'>loliano</span> <span class='ocrx_word' id='word_1_187' title='bbox 612 2781 649 2842; x_wconf 91' lang='lat' dir='ltr'>de</span> <span class='ocrx_word' id='word_1_188' title='bbox 663 2782 820 2861; x_wconf 86' lang='lat' dir='ltr'>compilata</span> <span class='ocrx_word' id='word_1_189' title='bbox 833 2782 986 2860; x_wconf 87' lang='lat' dir='ltr'>quondam</span> <span class='ocrx_word' id='word_1_190' title='bbox 1003 2799 1087 2841; x_wconf 87' lang='lat' dir='ltr'>sacra</span> <span class='ocrx_word' id='word_1_191' title='bbox 1102 2800 1196 2860; x_wconf 91' lang='lat' dir='ltr'>pecu-</span> 
     </span>
     <span class='ocr_line' id='line_1_24' title="bbox 170 2877 1196 2959; baseline 0.002 -23"><span class='ocrx_word' id='word_1_192' title='bbox 170 2877 218 2938; x_wconf 90' lang='lat' dir='ltr'>nia</span> <span class='ocrx_word' id='word_1_193' title='bbox 232 2895 250 2938; x_wconf 90' lang='lat' dir='ltr'>a</span> <span class='ocrx_word' id='word_1_194' title='bbox 265 2877 434 2937; x_wconf 89' lang='lat' dir='ltr'>christianis</span> <span class='ocrx_word' id='word_1_195' title='bbox 448 2878 630 2956; x_wconf 87' lang='lat' dir='ltr'>cognitiones</span> <span class='ocrx_word' id='word_1_196' title='bbox 652 2877 707 2959; x_wconf 53' lang='grc' dir='ltr'>(ἢ).</span> <span class='ocrx_word' id='word_1_197' title='bbox 724 2880 828 2940; x_wconf 90' lang='lat' dir='ltr'>Testes</span> <span class='ocrx_word' id='word_1_198' title='bbox 843 2885 914 2940; x_wconf 90' lang='lat' dir='ltr'>sunt</span> <span class='ocrx_word' id='word_1_199' title='bbox 926 2880 1002 2940; x_wconf 84' lang='lat' dir='ltr'>datae</span> <span class='ocrx_word' id='word_1_200' title='bbox 1017 2897 1035 2939; x_wconf 87' lang='lat' dir='ltr'>a</span> <span class='ocrx_word' id='word_1_201' title='bbox 1049 2879 1196 2939; x_wconf 85' lang='lat' dir='ltr'>Constan-</span> 
     </span>
     <span class='ocr_line' id='line_1_25' title="bbox 168 2975 1196 3057; baseline 0.004 -23"><span class='ocrx_word' id='word_1_202' title='bbox 168 2975 208 3034; x_wconf 93' lang='lat' dir='ltr'>tio</span> <span class='ocrx_word' id='word_1_203' title='bbox 222 2979 253 3035; x_wconf 90' lang='lat' dir='ltr'>et</span> <span class='ocrx_word' id='word_1_204' title='bbox 273 2975 432 3035; x_wconf 88' lang='lat' dir='ltr'>Constante</span> <span class='ocrx_word' id='word_1_205' title='bbox 446 2976 478 3035; x_wconf 94' lang='lat' dir='ltr'>in</span> <span class='ocrx_word' id='word_1_206' title='bbox 491 2976 613 3036; x_wconf 84' lang='lat' dir='ltr'>exordio</span> <span class='ocrx_word' id='word_1_207' title='bbox 631 2977 751 3057; x_wconf 91' lang='lat' dir='ltr'>imperii</span> <span class='ocrx_word' id='word_1_208' title='bbox 764 2978 847 3056; x_wconf 89' lang='lat' dir='ltr'>leges</span> <span class='ocrx_word' id='word_1_209' title='bbox 860 2977 1004 3036; x_wconf 87' lang='lat' dir='ltr'>adversus</span> <span class='ocrx_word' id='word_1_210' title='bbox 1019 2976 1196 3055; x_wconf 90' lang='lat' dir='ltr'>sepulchro-</span> 
     </span>
     <span class='ocr_line' id='line_1_26' title="bbox 169 3072 1196 3154; baseline 0.004 -23"><span class='ocrx_word' id='word_1_211' title='bbox 169 3087 239 3132; x_wconf 90' lang='lat' dir='ltr'>rum</span> <span class='ocrx_word' id='word_1_212' title='bbox 253 3072 419 3133; x_wconf 87' lang='lat' dir='ltr'>violatores.</span> <span class='ocrx_word' id='word_1_213' title='bbox 432 3073 529 3133; x_wconf 89' lang='lat' dir='ltr'>Testis</span> <span class='ocrx_word' id='word_1_214' title='bbox 540 3074 692 3154; x_wconf 83' lang='lat' dir='ltr'>praecipue</span> <span class='ocrx_word' id='word_1_215' title='bbox 705 3074 831 3154; x_wconf 89' lang='lat' dir='ltr'>insignis</span> <span class='ocrx_word' id='word_1_216' title='bbox 842 3075 1004 3136; x_wconf 86' lang='lat' dir='ltr'>Constantii</span> <span class='ocrx_word' id='word_1_217' title='bbox 1015 3073 1196 3151; x_wconf 86' lang='lat' dir='ltr'>constitutio,</span> 
     </span>
     <span class='ocr_line' id='line_1_27' title="bbox 142 3170 1198 3252; baseline 0.003 -22"><span class='ocrx_word' id='word_1_218' title='bbox 142 3188 144 3192; x_wconf 79' lang='grc'><strong>’</strong></span> <span class='ocrx_word' id='word_1_219' title='bbox 169 3189 230 3249; x_wconf 90' lang='lat' dir='ltr'>qua</span> <span class='ocrx_word' id='word_1_220' title='bbox 249 3170 286 3230; x_wconf 94' lang='lat' dir='ltr'>de</span> <span class='ocrx_word' id='word_1_221' title='bbox 307 3170 422 3230; x_wconf 89' lang='lat' dir='ltr'>violatis</span> <span class='ocrx_word' id='word_1_222' title='bbox 437 3172 584 3250; x_wconf 89' lang='lat' dir='ltr'>sepulcris</span> <span class='ocrx_word' id='word_1_223' title='bbox 596 3172 709 3252; x_wconf 87' lang='lat' dir='ltr'>inquiri</span> <span class='ocrx_word' id='word_1_224' title='bbox 721 3173 848 3252; x_wconf 86' lang='lat' dir='ltr'>jubebat</span> <span class='ocrx_word' id='word_1_225' title='bbox 865 3192 902 3233; x_wconf 86' lang='lat' dir='ltr'>ex</span> <span class='ocrx_word' id='word_1_226' title='bbox 920 3192 955 3233; x_wconf 91' lang='lat' dir='ltr'>eo</span> <span class='ocrx_word' id='word_1_227' title='bbox 968 3177 1115 3252; x_wconf 91' lang='lat' dir='ltr'>tempore,</span> <span class='ocrx_word' id='word_1_228' title='bbox 1138 3193 1198 3252; x_wconf 89' lang='lat' dir='ltr'>qno</span> 
     </span>
     <span class='ocr_line' id='line_1_28' title="bbox 172 3259 1267 3352; baseline 0.005 -24"><span class='ocrx_word' id='word_1_229' title='bbox 172 3268 339 3328; x_wconf 84' lang='lat' dir='ltr'>Dalmatius</span> <span class='ocrx_word' id='word_1_230' title='bbox 351 3274 381 3330; x_wconf 89' lang='lat' dir='ltr'>et</span> <span class='ocrx_word' id='word_1_231' title='bbox 394 3268 574 3349; x_wconf 90' lang='lat' dir='ltr'>Zenophilus</span> <span class='ocrx_word' id='word_1_232' title='bbox 593 3270 732 3330; x_wconf 90' lang='lat' dir='ltr'>consules</span> <span class='ocrx_word' id='word_1_233' title='bbox 752 3277 848 3349; x_wconf 88' lang='lat' dir='ltr'>erant,</span> <span class='ocrx_word' id='word_1_234' title='bbox 864 3289 942 3332; x_wconf 85' lang='lat' dir='ltr'>anno</span> <span class='ocrx_word' id='word_1_235' title='bbox 956 3270 1015 3330; x_wconf 86' lang='lat'>333</span> <span class='ocrx_word' id='word_1_236' title='bbox 1024 3267 1080 3352; x_wconf 82' lang='lat'>(3).</span> <span class='ocrx_word' id='word_1_237' title='bbox 1096 3270 1196 3333; x_wconf 90' lang='lat' dir='ltr'>Nimi··</span> <span class='ocrx_word' id='word_1_238' title='bbox 1263 3259 1267 3265; x_wconf 41' lang='lat'>⁵</span> 
     </span>
    </p>
   </div>
   <div class='ocr_carea' id='block_1_8' title="bbox 175 3491 1200 3814">
    <p class='ocr_par' dir='ltr' id='par_1_8' title="bbox 205 3491 868 3556">
     <span class='ocr_line' id='line_1_29' title="bbox 205 3491 868 3556; baseline 0.002 -14"><span class='ocrx_word' id='word_1_239' title='bbox 205 3491 238 3556; x_wconf 77' lang='lat' dir='ltr'>(ll</span> <span class='ocrx_word' id='word_1_240' title='bbox 257 3493 397 3555; x_wconf 81' lang='lat' dir='ltr'>losarnus,</span> <span class='ocrx_word' id='word_1_241' title='bbox 411 3493 504 3556; x_wconf 75' lang='lat' dir='ltr'>Antio.</span> <span class='ocrx_word' id='word_1_242' title='bbox 516 3494 635 3553; x_wconf 70' lang='lat' dir='ltr'>souare,</span> <span class='ocrx_word' id='word_1_243' title='bbox 650 3491 695 3545; x_wconf 83' lang='lat' dir='ltr'>lib.</span> <span class='ocrx_word' id='word_1_244' title='bbox 711 3502 786 3554; x_wconf 80' lang='lat' dir='ltr'>xvrn,</span> <span class='ocrx_word' id='word_1_245' title='bbox 801 3505 826 3543; x_wconf 88' lang='lat' dir='ltr'>c.</span> <span class='ocrx_word' id='word_1_246' title='bbox 841 3493 868 3543; x_wconf 76' lang='lat'>5.</span> 
     </span>
    </p>

    <p class='ocr_par' dir='ltr' id='par_1_9' title="bbox 201 3574 596 3641">
     <span class='ocr_line' id='line_1_30' title="bbox 201 3574 596 3641; baseline 0.003 -16"><span class='ocrx_word' id='word_1_247' title='bbox 201 3574 238 3641; x_wconf 76' lang='lat' dir='ltr'>(t)</span> <span class='ocrx_word' id='word_1_248' title='bbox 255 3577 356 3638; x_wconf 68' lang='lat' dir='ltr'>Lruau,</span> <span class='ocrx_word' id='word_1_249' title='bbox 371 3576 446 3641; x_wconf 87' lang='lat' dir='ltr'>epist.</span> <span class='ocrx_word' id='word_1_250' title='bbox 462 3577 520 3641; x_wconf 76' lang='lat'>750,</span> <span class='ocrx_word' id='word_1_251' title='bbox 537 3577 596 3627; x_wconf 72' lang='lat'>675.</span> 
     </span>
    </p>

    <p class='ocr_par' dir='ltr' id='par_1_10' title="bbox 175 3676 1200 3814">
     <span class='ocr_line' id='line_1_31' title="bbox 203 3676 1200 3746; baseline 0.002 -18"><span class='ocrx_word' id='word_1_252' title='bbox 203 3676 239 3746; x_wconf 70' lang='grc' dir='ltr'>(ὅ)</span> <span class='ocrx_word' id='word_1_253' title='bbox 261 3677 299 3728; x_wconf 80' lang='lat' dir='ltr'>hd</span> <span class='ocrx_word' id='word_1_254' title='bbox 321 3678 479 3743; x_wconf 83' lang='lat' dir='ltr'>propositum</span> <span class='ocrx_word' id='word_1_255' title='bbox 510 3678 606 3731; x_wconf 80' lang='lat' dir='ltr'>referre</span> <span class='ocrx_word' id='word_1_256' title='bbox 628 3678 738 3730; x_wconf 84' lang='lat' dir='ltr'>arbitror</span> <span class='ocrx_word' id='word_1_257' title='bbox 760 3678 802 3729; x_wconf 85' lang='lat' dir='ltr'>hic</span> <span class='ocrx_word' id='word_1_258' title='bbox 824 3678 949 3745; x_wconf 77' lang='lat' dir='ltr'>integram</span> <span class='ocrx_word' id='word_1_259' title='bbox 972 3679 1038 3731; x_wconf 84' lang='lat' dir='ltr'>hanc</span> <span class='ocrx_word' id='word_1_260' title='bbox 1060 3679 1200 3733; x_wconf 83' lang='lat' dir='ltr'>coustantii</span> 
     </span>
     <span class='ocr_line' id='line_1_32' title="bbox 175 3762 523 3814; baseline -0.003 0"><span class='ocrx_word' id='word_1_261' title='bbox 175 3762 383 3814; x_wconf 84' lang='lat' dir='ltr'>constitutionem</span> <span class='ocrx_word' id='word_1_262' title='bbox 397 3763 523 3814; x_wconf 87' lang='lat' dir='ltr'>inserere.</span> 
     </span>
    </p>
   </div>
   <div class='ocr_carea' id='block_1_9' title="bbox 319 3884 1028 3937">
    <p class='ocr_par' dir='ltr' id='par_1_11' title="bbox 319 3884 1028 3937">
     <span class='ocr_line' id='line_1_33' title="bbox 319 3884 1028 3937; baseline 0 -1"><span class='ocrx_word' id='word_1_263' title='bbox 319 3921 322 3926; x_wconf 77' lang='lat'>·</span> <span class='ocrx_word' id='word_1_264' title='bbox 342 3884 504 3936; x_wconf 80' lang='lat' dir='ltr'>Gomtttuu&#39;o</span> <span class='ocrx_word' id='word_1_265' title='bbox 519 3884 672 3936; x_wconf 80' lang='lat' dir='ltr'>constantii</span> <span class='ocrx_word' id='word_1_266' title='bbox 684 3884 718 3934; x_wconf 80' lang='lat' dir='ltr'>A.</span> <span class='ocrx_word' id='word_1_267' title='bbox 731 3885 767 3935; x_wconf 83' lang='lat' dir='ltr'>od</span> <span class='ocrx_word' id='word_1_268' title='bbox 781 3885 934 3937; x_wconf 67' lang='lat' dir='ltr'>Lemnium</span> <span class='ocrx_word' id='word_1_269' title='bbox 949 3887 980 3936; x_wconf 87' lang='lat' dir='ltr'>P.</span> <span class='ocrx_word' id='word_1_270' title='bbox 996 3887 1028 3936; x_wconf 87' lang='lat' dir='ltr'>P.</span> 
     </span>
    </p>
   </div>
   <div class='ocr_carea' id='block_1_10' title="bbox 170 4003 1218 4410">
    <p class='ocr_par' dir='ltr' id='par_1_12' title="bbox 170 4003 1218 4410">
     <span class='ocr_line' id='line_1_34' title="bbox 206 4003 1197 4073; baseline 0.002 -23"><span class='ocrx_word' id='word_1_271' title='bbox 206 4023 219 4050; x_wconf 87' lang='lat'>«</span> <span class='ocrx_word' id='word_1_272' title='bbox 236 4003 339 4056; x_wconf 76' lang='lat' dir='ltr'>Factum</span> <span class='ocrx_word' id='word_1_273' title='bbox 359 4005 463 4057; x_wconf 81' lang='lat' dir='ltr'>solitum</span> <span class='ocrx_word' id='word_1_274' title='bbox 485 4006 608 4073; x_wconf 83' lang='lat' dir='ltr'>sanguiue</span> <span class='ocrx_word' id='word_1_275' title='bbox 631 4004 753 4056; x_wconf 81' lang='lat' dir='ltr'>vindicari</span> <span class='ocrx_word' id='word_1_276' title='bbox 772 4005 858 4057; x_wconf 75' lang='lat' dir='ltr'>multae</span> <span class='ocrx_word' id='word_1_277' title='bbox 878 4005 1018 4057; x_wconf 83' lang='lat' dir='ltr'>inflictione</span> <span class='ocrx_word' id='word_1_278' title='bbox 1036 4003 1197 4070; x_wconf 78' lang='lat' dir='ltr'>corrigimus,</span> 
     </span>
     <span class='ocr_line' id='line_1_35' title="bbox 170 4087 1218 4155; baseline 0 -19"><span class='ocrx_word' id='word_1_279' title='bbox 170 4091 244 4152; x_wconf 83' lang='lat' dir='ltr'>atque</span> <span class='ocrx_word' id='word_1_280' title='bbox 257 4091 293 4142; x_wconf 85' lang='lat' dir='ltr'>ita</span> <span class='ocrx_word' id='word_1_281' title='bbox 308 4091 459 4155; x_wconf 88' lang='lat' dir='ltr'>supplicium</span> <span class='ocrx_word' id='word_1_282' title='bbox 468 4092 603 4142; x_wconf 79' lang='lat' dir='ltr'>statuimus</span> <span class='ocrx_word' id='word_1_283' title='bbox 618 4091 643 4142; x_wconf 87' lang='lat' dir='ltr'>in</span> <span class='ocrx_word' id='word_1_284' title='bbox 658 4091 780 4151; x_wconf 87' lang='lat' dir='ltr'>lotorum,</span> <span class='ocrx_word' id='word_1_285' title='bbox 792 4097 876 4141; x_wconf 87' lang='lat' dir='ltr'>utnec</span> <span class='ocrx_word' id='word_1_286' title='bbox 889 4090 931 4140; x_wconf 87' lang='lat' dir='ltr'>ille</span> <span class='ocrx_word' id='word_1_287' title='bbox 944 4090 1038 4140; x_wconf 81' lang='lat' dir='ltr'>absita</span> <span class='ocrx_word' id='word_1_288' title='bbox 1055 4101 1139 4152; x_wconf 75' lang='lat' dir='ltr'>puna,</span> <span class='ocrx_word' id='word_1_289' title='bbox 1155 4087 1198 4152; x_wconf 84' lang='lat' dir='ltr'>qul</span> <span class='ocrx_word' id='word_1_290' title='bbox 1216 4097 1218 4102; x_wconf 87' lang='grc'><em>·</em></span> 
     </span>
     <span class='ocr_line' id='line_1_36' title="bbox 171 4173 1200 4239; baseline -0.001 -17"><span class='ocrx_word' id='word_1_291' title='bbox 171 4179 228 4224; x_wconf 83' lang='lat' dir='ltr'>ante</span> <span class='ocrx_word' id='word_1_292' title='bbox 238 4175 375 4226; x_wconf 82' lang='lat' dir='ltr'>commisit.</span> <span class='ocrx_word' id='word_1_293' title='bbox 388 4176 503 4227; x_wconf 82' lang='lat' dir='ltr'>Universi</span> <span class='ocrx_word' id='word_1_294' title='bbox 517 4176 614 4239; x_wconf 85' lang='lat' dir='ltr'>itaque,</span> <span class='ocrx_word' id='word_1_295' title='bbox 627 4177 712 4239; x_wconf 81' lang='lat' dir='ltr'>quide</span> <span class='ocrx_word' id='word_1_296' title='bbox 725 4177 904 4227; x_wconf 78' lang='lat' dir='ltr'>monumentis</span> <span class='ocrx_word' id='word_1_297' title='bbox 916 4173 1057 4225; x_wconf 82' lang='lat' dir='ltr'>columnus</span> <span class='ocrx_word' id='word_1_298' title='bbox 1067 4173 1109 4223; x_wconf 84' lang='lat' dir='ltr'>net</span> <span class='ocrx_word' id='word_1_299' title='bbox 1122 4184 1200 4222; x_wconf 83' lang='lat' dir='ltr'>mor-</span> 
     </span>
     <span class='ocr_line' id='line_1_37' title="bbox 170 4256 1200 4332; baseline -0.005 -23"><span class='ocrx_word' id='word_1_300' title='bbox 170 4269 247 4310; x_wconf 84' lang='lat' dir='ltr'>moro</span> <span class='ocrx_word' id='word_1_301' title='bbox 259 4261 437 4319; x_wconf 72' lang='lat' dir='ltr'>otetutenant,</span> <span class='ocrx_word' id='word_1_302' title='bbox 451 4261 493 4310; x_wconf 84' lang='lat' dir='ltr'>vet</span> <span class='ocrx_word' id='word_1_303' title='bbox 504 4262 643 4321; x_wconf 78' lang='lat' dir='ltr'>coquendo</span> <span class='ocrx_word' id='word_1_304' title='bbox 659 4261 740 4311; x_wconf 72' lang='lat' dir='ltr'>caleto</span> <span class='ocrx_word' id='word_1_305' title='bbox 760 4262 854 4322; x_wconf 75' lang='lat' dir='ltr'>oratio</span> <span class='ocrx_word' id='word_1_306' title='bbox 875 4257 977 4332; x_wconf 70' lang='lat' dir='ltr'>lapides</span> <span class='ocrx_word' id='word_1_307' title='bbox 994 4256 1151 4319; x_wconf 77' lang='lat' dir='ltr'>dejecerunt,</span> <span class='ocrx_word' id='word_1_308' title='bbox 1166 4265 1200 4304; x_wconf 78' lang='lat' dir='ltr'>eu</span> 
     </span>
     <span class='ocr_line' id='line_1_38' title="bbox 170 4338 1198 4410; baseline -0.005 -15"><span class='ocrx_word' id='word_1_309' title='bbox 170 4346 312 4397; x_wconf 77' lang='lat' dir='ltr'>comeum</span> <span class='ocrx_word' id='word_1_310' title='bbox 322 4345 421 4398; x_wconf 73' lang='lat' dir='ltr'>scillcet</span> <span class='ocrx_word' id='word_1_311' title='bbox 433 4344 568 4398; x_wconf 78' lang='lat' dir='ltr'>Dolmotr&#39;t</span> <span class='ocrx_word' id='word_1_312' title='bbox 582 4347 606 4396; x_wconf 84' lang='lat' dir='ltr'>et</span> <span class='ocrx_word' id='word_1_313' title='bbox 622 4346 773 4410; x_wconf 76' lang='lat' dir='ltr'>zenophili,</span> <span class='ocrx_word' id='word_1_314' title='bbox 789 4343 902 4410; x_wconf 80' lang='lat' dir='ltr'>singulas</span> <span class='ocrx_word' id='word_1_315' title='bbox 915 4340 994 4392; x_wconf 82' lang='lat' dir='ltr'>libras</span> <span class='ocrx_word' id='word_1_316' title='bbox 1012 4339 1068 4392; x_wconf 85' lang='lat' dir='ltr'>ouri</span> <span class='ocrx_word' id='word_1_317' title='bbox 1082 4350 1128 4402; x_wconf 85' lang='lat' dir='ltr'>per</span> <span class='ocrx_word' id='word_1_318' title='bbox 1142 4338 1198 4390; x_wconf 85' lang='lat' dir='ltr'>sin-</span> 
     </span>
    </p>
   </div>
   <div class='ocr_carea' id='block_1_11' title="bbox 0 0 1543 5046">
    <p class='ocr_par' dir='ltr' id='par_1_13' title="bbox 0 0 1543 5046">
     <span class='ocr_line' id='line_1_39' title="bbox 0 0 1543 5046; baseline 0 0"><span class='ocrx_word' id='word_1_319' title='bbox 0 0 1543 5046; x_wconf 95' lang='lat' dir='ltr'> </span> 
     </span>
    </p>
   </div>
  </div>
 </body>
</html>
