3054 5046
791 511 952 574 ..34-

354 668 370 711 c
392 647 509 710 ciorum
537 647 712 729 scripseras,
734 648 772 712 ad
787 667 843 710 nos
865 647 942 710 scias
959 665 1025 708 esse
1049 645 1209 728 perlatum.
1232 647 1298 711 Dat.
1318 648 1387 711 XVI

353 767 368 808 r
392 746 458 807 Kal.
474 746 540 807 Jan.
563 745 704 824 Serdica.
726 747 798 808 Aoo.
818 746 889 806 VIII
908 745 950 807 id.
971 744 1059 807 Mart.
1080 745 1228 826 Crispoll
1247 751 1277 808 et
1290 745 1386 808 Cons-

351 865 366 908 o
389 844 501 906 tantino
513 844 553 906 Π.
569 845 628 907 CC.
644 846 729 908 Coss.
744 841 831 925 (321)
844 842 899 928 (1).
916 862 933 905 r

388 943 464 1005 Mire
474 943 593 1004 interse
607 948 737 1024 quatuor
749 944 814 1005 istae
824 943 906 1022 leges
920 941 1121 1019 consentiunt,
1136 948 1166 1003 et
1175 947 1293 1004 tantum
1302 944 1388 1016 abest

350 1047 384 1102 ut
397 1059 452 1122 per
465 1058 516 1100 eas
531 1041 743 1102 Constantinus
752 1046 889 1102 veterum
907 1039 1087 1100 caerimoniis
1100 1045 1129 1100 et
1143 1040 1288 1102 Romanae
1310 1043 1383 1102 reli·
1443 1119 1444 1122 Ἴ

348 1140 429 1218 gioni
440 1138 558 1202 obviam
571 1139 650 1217 ierit,
661 1144 819 1218 utcontra,
835 1157 907 1200 cum
917 1157 968 1198 eas
977 1138 1090 1216 ederet,
1102 1139 1255 1200 Pontificis
1264 1140 1387 1204 Maximi

345 1236 518 1316 implevisse
530 1237 635 1298 munia
651 1242 681 1298 et
699 1237 831 1315 antIquis
844 1237 1042 1316 priorumque
1058 1237 1227 1317 prinprurn
1243 1239 1386 1301 InstItutis

345 1337 475 1400 fideliter
492 1339 636 1401 institisse
653 1338 710 1399 dici
730 1337 833 1419 possit.
852 1338 979 1398 Videtur
992 1338 1116 1418 quidem
1129 1339 1293 1419 imperator
1307 1341 1384 1402 ritus

344 1441 413 1500 illos
429 1440 513 1519 parvi
527 1441 624 1501 lacere
638 1444 669 1500 et
683 1440 720 1500 de
733 1438 827 1501 veteri
837 1437 1034 1516 observantia,
1052 1444 1197 1518 tanquam
1207 1440 1245 1500 ah
1256 1458 1292 1500 ea
1305 1440 1381 1502 alie-

343 1559 403 1600 nus
418 1539 467 1616 sit,
478 1539 573 1619 loqui.
589 1538 629 1598 At
647 1537 757 1618 primo,
777 1556 838 1598 non
858 1536 931 1616 quid
948 1535 1014 1616 ipse
1033 1535 1070 1597 de
1089 1535 1153 1596 Diis
1175 1537 1313 1616 senserit,
1330 1539 1384 1599 sed

347 1637 421 1717 quid
435 1637 567 1698 sanxerit
578 1636 628 1698 hio
642 1635 835 1716 inquirimus
852 1634 966 1696 Deinde
984 1634 1016 1695 in
1038 1634 1157 1696 duabus
1173 1636 1317 1697 extremis
1333 1637 1378 1702 le-

340 1723 429 1812 gihus
448 1733 602 1813 suffragia,
627 1732 659 1793 id
678 1739 725 1794 est
742 1733 962 1794 incantamenta
976 1733 1116 1812 quaedam
1130 1751 1184 1812 pro
1198 1733 1339 1812 legitimis
1353 1749 1382 1804 et

341 1832 466 1894 utilibus
479 1831 569 1894 habet
582 1837 612 1892 et
628 1831 832 1907 commendat,
848 1850 881 1894 ea
896 1849 1005 1911 nempe
1020 1849 1089 1910 quae
1102 1831 1137 1892 ad
1149 1831 1308 1892 hominum
1322 1851 1377 1912 pe-

346 1947 488 1990 corumve
502 1929 800 2008 frngumvesalutem
813 1927 960 2008 prolicere
978 1932 1118 2007 possunt;
1137 1933 1167 1989 et
1185 1929 1222 1988 de
1244 1928 1380 1989 fulminis

343 2027 1380 2107 tactuharuspices,retentomoreueterisobservantioe,Interroqari
1482 2035 1486 2042 '

338 2125 440 2205 jubet,
464 2127 550 2186 etad
573 2144 606 2188 se
625 2144 735 2186 eorum
753 2143 905 2202 responsa
920 2127 1046 2203 referri,
1069 2131 1212 2205 tanquam
1231 2125 1268 2185 iis
1287 2126 1380 2186 fidem

346 2221 495 2284 adhibeat.
516 2222 643 2300 Verum,
669 2223 715 2284 fao
735 2240 806 2284 eum
827 2221 1052 2301 haruspicinam
1066 2228 1096 2283 et
1114 2222 1333 2284 incantamenta
1351 2230 1379 2284 et

343 2319 490 2382 sacrificia
510 2320 632 2382 omnino
650 2338 704 2400 pro
721 2320 814 2380 nihilo
826 2319 950 2380 duxisse
968 2339 973 2379 :
993 2319 1068 2380 nihil
1089 2319 1127 2380 ad
1140 2319 1172 2379 id
1186 2320 1223 2380 de
1239 2339 1298 2400 quo
1312 2319 1376 2398 agi-

341 2437 422 2482 mus.
440 2418 486 2480 Ex
499 2418 536 2479 iis
546 2418 665 2498 legibus
676 2435 768 2497 supra
777 2416 872 2478 citatis
882 2417 1014 2497 profecto
1025 2421 1139 2478 constat
1150 2416 1378 2478 Constantinum

339 2517 435 2580 semel
445 2523 535 2596 atque
546 2515 663 2600 'iterum
677 2515 784 2577 eodem
801 2533 879 2576 anno
894 2513 954 2573 319
967 2514 999 2574 in
1013 2533 1064 2574 eos
1079 2514 1132 2593 qui
1149 2514 1312 2575 domestica
1329 2533 1377 2574 sa-

228 2675 230 2678 .
340 2615 453 2678 crificia
464 2614 682 2695 procurantvel
697 2613 834 2693 privatim
842 2612 1053 2691 haruspicibus
1066 2617 1194 2674 utuntur
1204 2613 1377 2692 gravissime
1499 2625 1502 2632 ’

341 2713 601 2775 animadvertisse.
618 2712 683 2771 Hoc
696 2716 797 2771 autern
808 2711 874 2788 jam
883 2713 968 2770 antea
981 2709 1080 2770 fuerat
1089 2710 1225 2771 vetitum.
1237 2711 1377 2771 Florente

342 2831 452 2890 nempe
462 2811 641 2890 Republica,
654 2828 725 2869 oum
735 2806 931 2869 Bacchanalia
938 2806 1043 2868 Roman
1054 2812 1083 2868 et
1092 2807 1123 2868 in
1133 2813 1193 2869 tota
1205 2809 1290 2870 Italia
1304 2827 1374 2888 pro·

341 2909 530 2986 biberentur,
555 2909 629 2969 item
653 2906 807 2987 provisum
823 2911 887 2967 erat
905 2924 944 2965 ne
967 2925 1026 2984 qua
1045 2925 1129 2967 sacra
1146 2906 1252 2968 tierent
1272 2907 1304 2966 in
1326 2927 1374 2968 se-

341 3012 422 3067 creto
439 3004 495 3086 (2).
514 3006 591 3066 Item
605 3011 635 3065 et
649 3004 788 3066 Tiberlus
805 3003 981 3082 haruspices
998 3009 1111 3065 secreto
1125 3024 1159 3066 ac
1174 3005 1237 3066 sine
1251 3006 1377 3068 testibus

342 3104 459 3166 consuli
479 3108 614 3165 vetuerat
634 3101 690 3186 (3).
708 3103 786 3164 Item
803 3106 833 3163 et
854 3102 1026 3162 Alexander
1039 3103 1178 3181 Severus,
1193 3109 1269 3165 teste
1283 3106 1374 3166 Lam·

342 3202 451 3283 pridie,
463 3202 674 3281 haruspicibus
688 3206 719 3262 et
732 3201 950 3262 mathematicis
963 3201 1109 3263 auditoria
1122 3193 1304 3264 dicreverat.
1316 3203 1376 3264 De·

342 3300 446 3379 nique,
473 3300 589 3378 quoties
608 3299 806 3378 imperatores
829 3298 1054 3360 mathematicos
1073 3299 1105 3360 in
1127 3300 1252 3360 exilium
1274 3321 1373 3380 egere,

343 3401 400 3462 hoc
411 3403 529 3460 tantum
543 3397 695 3475 cavebant,
711 3417 750 3458 ne
763 3397 808 3458 illi
823 3403 908 3458 extra
928 3397 1065 3474 omnium
1079 3404 1272 3478 conspectum
1286 3400 1375 3461 disci·

342 3496 456 3575 plinam
470 3515 558 3557 suam
572 3501 758 3578 exercerent.
779 3495 893 3556 Omnes
908 3495 1055 3556 nimirum
1070 3497 1228 3558 fraudibus
1245 3503 1275 3558 et
1289 3498 1374 3559 maha

343 3594 470 3672 artibus,
481 3613 550 3674 quae
567 3594 703 3673 religioni
714 3599 744 3654 et
753 3595 881 3674 publicae
896 3594 985 3654 saluti
998 3595 1104 3656 obesse
1119 3601 1251 3675 possent,
1266 3615 1372 3656 occur·

334 3711 422 3770 rere,
434 3711 495 3754 non
505 3692 562 3773 ipsi
572 3692 707 3778 religIoni
722 3697 752 3752 et
761 3693 891 3772 antiquis
901 3692 1008 3753 ritibus
1023 3693 1138 3754 bellurn
1147 3693 1280 3755 indicere
1291 3695 1372 3755 vole·
1431 3715 1433 3718 ’

343 3789 430 3864 hant3
446 3784 574 3870 pubIIcae
583 3789 700 3870 pietatis
710 3791 913 3852 moderatores
927 3795 956 3851 et
973 3785 1112 3854 custodes
1128 3811 1189 3853 non
1203 3793 1304 3856 hostes
1317 3794 1380 3854 hae

376 4025 413 4091 (l)
431 4026 494 4078 cod.
514 4025 651 4082 Theanus„
664 4024 711 4076 llb.
726 4036 782 4086 xvi,
798 4025 839 4076 nt.
857 4026 897 4087 to,
912 4027 930 4076 1.
949 4027 971 4076 t.
1087 4093 1091 4100 .

376 4117 411 4184 (2)
429 4117 570 4181 Tin-Lu„
584 4128 679 4178 xxxix,
695 4131 718 4168 c.
734 4116 750 4168 9
764 4123 791 4168 et
805 4130 860 4183 seq.
873 4118 906 4170 de
916 4131 965 4182 qua
980 4125 1065 4192 exstat
1078 4121 1133 4185 ipsa
1146 4125 1252 4172 senatus
1263 4119 1375 4174 consulti

341 4204 467 4268 scriptura
482 4204 508 4254 ln
522 4201 658 4262 Tit-Lin,
671 4202 748 4253 variis
761 4201 824 4252 edIt.

373 4289 410 4352 (ὅ)
426 4289 582 4350 suasorius,
602 4286 672 4346 rra,
687 4296 763 4337 nrm.
