3054 5046
595 547 775 609 ..101-

158 685 308 748 Pontifici
322 684 452 746 Maximo
467 684 615 764 scripsere
630 683 761 762 episcopi
774 688 808 742 ut
820 682 853 742 in
865 682 967 742 locum
978 682 1096 762 expulsi
1106 682 1201 742 Euse-

164 785 260 846 bium
276 784 494 845 Caesariensem
509 783 673 859 sufficeret,
689 781 749 860 cui,
766 781 824 841 nisi
840 780 976 841 Pontifici
992 780 1122 841 Maximo
1139 780 1203 861 ipse
1294 803 1296 806 ·

161 885 324 946 Eusebius
343 883 462 964 scripsit
477 903 509 944 se
524 883 659 944 oblatum
672 884 754 943 hunc
767 884 914 942 honorem
927 881 1111 942 detrectare?
1126 880 1202 953 Quis

163 985 316 1064 denique,
332 983 391 1043 nisi
404 983 541 1043 Pontifex
554 981 716 1058 Maximus,
731 981 850 1042 laudata
864 979 988 1041 Eusebii
1002 979 1158 1057 modestia,
1174 987 1203 1040 et

98 1144 102 1150 ,
162 1081 319 1165 allcqotia
334 1079 563 1140 Ecclesiasticus
580 1079 700 1157 lapibus
710 1075 757 1160 (1)
770 1077 847 1137 duos
860 1077 933 1138 alios
946 1076 985 1138 ad
998 1077 1202 1158 episcopatum

162 1178 390 1259 promovendos
407 1176 601 1237 Antiochensi
619 1177 730 1256 populo
744 1175 924 1256 proposuit?

206 1277 247 1337 In
255 1281 390 1337 extrema
397 1275 462 1335 vitae
471 1280 555 1354 parte
564 1275 774 1338 Constantinus
782 1273 992 1334 Pontificatum
1002 1273 1101 1334 acrius
1112 1274 1202 1335 etiam

162 1374 338 1450 intendere,
349 1372 574 1452 imperiumque
583 1372 615 1432 in
625 1389 674 1431 res
684 1371 907 1432 Ecclesiasticas
917 1371 1106 1450 arrogantius
1116 1389 1202 1432 exer-

163 1492 239 1534 cere
248 1471 378 1547 videtur,
388 1489 443 1530 nec
451 1470 605 1550 episcopos
616 1468 788 1529 resistentes
796 1468 907 1548 patitur
915 1488 971 1530 nec
982 1468 1045 1528 suis
1055 1456 1204 1530 mandatis

165 1579 296 1658 segnius
315 1577 525 1656 obsequentes.
541 1576 617 1656 Ejus
630 1575 775 1655 temporis
796 1575 980 1635 Constantini
999 1576 1037 1636 ad
1051 1575 1205 1656 episcopos

166 1678 308 1758 epistolae
321 1695 365 1738 eae
381 1681 462 1753 sunt,
477 1694 553 1755 quas
567 1674 707 1754 princeps
720 1675 758 1736 ad
768 1675 924 1754 praefectos
937 1673 984 1734 vel
997 1681 1205 1753 procuratores

162 1794 240 1836 suos
250 1773 431 1853 scripsisset.
449 1771 530 1844 Quid
540 1771 598 1832 sibi
611 1772 737 1852 placeat,
748 1771 820 1852 quid
834 1771 878 1832 eis
889 1771 1058 1831 faciendum
1069 1772 1117 1850 sit,
1130 1773 1204 1853 quid

163 1894 241 1952 non,
257 1875 316 1934 alta
333 1891 404 1934 voce
419 1871 564 1950 enuntiat,
583 1877 797 1950 gestarumque
815 1870 913 1931 abiis
935 1889 1039 1931 rerum
1057 1872 1202 1933 rationem

102 2033 111 2045 ,
165 1974 229 2034 sibi
246 1972 433 2033 reddendam
446 1989 512 2030 esse
527 1972 700 2050 proclamat.
717 1969 885 2030 Concilium
906 1969 1115 2049 episcoporum
1135 1971 1202 2031 Cae-

168 2089 292 2132 saream
315 2069 413 2149 primo
437 2086 598 2148 properare
621 2067 765 2147 praecipit,
791 2086 862 2128 mox
892 2067 1007 2147 Tyrum
1034 2069 1203 2146 transferri,

170 2169 268 2230 misso
281 2166 344 2227 viro
358 2165 521 2242 consulari,
536 2166 589 2245 qui
602 2165 646 2226 eis
659 2165 787 2242 intersit,
803 2171 833 2225 et
845 2165 936 2226 veluti
955 2184 1038 2226 sacra
1050 2165 1114 2226 vice
1124 2154 1205 2245 judi-

171 2272 240 2341 cet;
255 2264 363 2326 deinde
383 2262 589 2342 Hierosolyma
603 2262 756 2343 episcopos
771 2281 804 2323 se
818 2263 955 2324 conferre
965 2263 1063 2342 jubet,
1080 2268 1109 2323 et
1122 2261 1205 2342 deni-

171 2383 235 2444 que
259 2361 545 2441 Constantinopolim
573 2361 695 2422 eosdem
722 2359 874 2421 accedere.
907 2361 975 2441 lpse
1005 2361 1203 2422 Athanasium
1290 2425 1291 2430 .

171 2461 348 2540 interrogat,
363 2459 428 2538 ipse
442 2458 632 2530 innocentem
652 2477 724 2519 eum
744 2456 841 2536 primo
861 2457 1002 2535 declarat,
1021 2477 1107 2537 mox,
1128 2478 1201 2520 con-

174 2560 245 2620 cilio
262 2558 460 2638 judicandum
479 2557 579 2634 tradit,
605 2557 735 2636 denique
758 2555 822 2635 ipse
846 2555 1006 2617 novissime
1027 2575 1098 2617 eum
1119 2557 1202 2636 judi-

174 2662 234 2734 cat,
250 2656 382 2732 damnat,
398 2655 436 2715 de
455 2653 627 2734 episcopatu
647 2653 746 2735 dejicit
769 2658 798 2714 et
816 2653 848 2713 in
868 2653 993 2714 exilium
1013 2653 1112 2714 mittit.
1137 2655 1205 2734 Ipse

174 2753 324 2833 episcopis
345 2753 484 2832 imperat,
505 2757 539 2812 ut
558 2751 617 2812 lata
638 2750 676 2811 de
701 2749 774 2810 Ario
797 2749 921 2810 tollatur
943 2750 1099 2832 sententia,
1122 2757 1152 2813 et
1173 2752 1205 2812 in
1255 2813 1261 2822 ,

176 2851 344 2912 Ecclesiam
362 2849 414 2910 ille
434 2848 610 2930 recipiatur3
626 2849 690 2928 ipse
700 2847 765 2908 Arii
779 2848 913 2928 explorat
926 2847 1103 2925 doctrinam,
1118 2867 1202 2910 eam-

177 2967 238 3027 que
257 2947 377 3028 optimae
398 2965 464 3008 esse
487 2952 565 3008 notae
590 2945 772 3026 pronuntiat,
794 2945 859 3024 ipse
884 2945 1206 3025 Constantinopolitano

176 3045 315 3126 episcopo
326 3045 455 3125 imperat
474 3050 508 3105 ut
521 3063 593 3106 eum
607 3045 645 3105 ad
664 3062 748 3104 sacra
767 3043 908 3122 mysteria
921 3042 1066 3104 admittat.

219 3142 295 3215 Quis
315 3144 427 3205 iterum
450 3143 527 3220 dico,
548 3143 726 3204 Pontificem
747 3141 913 3203 Maximum
933 3143 1037 3202 Romae
1059 3143 1205 3222 requirat,

148 3309 151 3315 ,
180 3261 272 3322 quem
286 3261 324 3303 ne
337 3240 465 3302 consulit
478 3240 602 3319 quidem
619 3241 793 3320 imperator,
809 3240 923 3320 quique
942 3239 1016 3300 dum
1029 3241 1205 3321 disputatio-

180 3340 270 3402 nibus
297 3338 480 3418 grarissimis
499 3343 578 3398 totus
599 3335 675 3399 calet
696 3337 816 3415 Oriens,
836 3338 1060 3418 imperatorque
1083 3340 1208 3401 concilia

180 3442 330 3514 convocat,
347 3437 501 3516 episcopos
520 3435 653 3514 corripit,
680 3436 798 3497 decreta
817 3436 1014 3498 ecclesiastica
1027 3456 1081 3516 per
1095 3437 1208 3499 litteras

182 3535 316 3612 undique
325 3532 467 3610 divulgat,
479 3532 517 3592 ad
531 3532 617 3592 sedes
631 3533 813 3612 episcopales
827 3553 903 3613 quos
912 3533 1040 3595 voluerit
1054 3541 1208 3614 promovet

182 3631 228 3691 vel
246 3629 391 3706 designat,
411 3629 491 3688 inter
511 3648 695 3708 paganorum
717 3624 952 3710 multitudinem,
968 3638 998 3694 et
1012 3634 1099 3712 juxta
1115 3652 1204 3693 sena-

181 3733 247 3786 tum
262 3723 522 3805 superstitionibus
536 3725 683 3804 deditum,
704 3747 859 3789 romanam
879 3731 1048 3808 ecclesiam,
1068 3731 1204 3810 incogni-

182 3829 231 3884 tus
244 3824 330 3903 regit,
341 3823 491 3903 habetque
506 3824 630 3885 tortasse
649 3827 801 3905 potestatis
822 3827 974 3904 umbram,
996 3848 1088 3908 quam
1109 3829 1208 3909 reipsa

184 3923 395 3984 Constantinus
405 3922 578 4002 imperator,
595 3924 698 3983 aemuli
711 3924 881 4005 impatiens,
893 3926 1031 3986 exercet?

217 4123 251 4188 (t)
270 4123 379 4184 Eusap„
398 4123 450 4174 Vir.
468 4121 569 4177 const,
584 4130 622 4181 ιιι,
637 4120 680 4171 60.

570 4337 827 4387 W
