3054 5046
591 513 752 576 ..49-

156 650 430 713 contaminarentur
446 647 517 731 (l)‘l
538 648 619 721 Quid
640 648 731 709 etiam
754 648 791 708 de
815 647 957 728 praedicta
979 648 1063 726 lege,
1087 647 1188 726 Beryti

154 749 306 830 proposita
318 746 524 825 cogitandum,
536 764 607 806 cum
615 746 772 806 videamus
785 745 819 805 in
830 745 940 806 Tuscia
948 744 1028 824 apud
1035 743 1188 804 Vulsinios

155 866 172 906 a
191 844 399 906 sacerdotibus
413 843 610 924 quibusdam,
626 861 664 903 ex
678 842 776 921 prisca
791 841 1022 919 consuetudine,
1041 841 1186 920 gladiato-

147 943 217 1024 ‚rios
232 941 320 1002 ludos
334 942 493 1021 quotannis
507 940 600 1002 tuisse
609 939 790 1016 celebratos,
805 945 835 1000 et
845 938 980 1000 Umbriae
990 939 1194 1026 sacerdotem,

156 1041 252 1101 uthis
266 1040 504 1102 solemnitatibus
521 1038 685 1100 admodum
703 1038 825 1118 paganis
845 1039 973 1116 adesset,
988 1037 1142 1098 Vulsinios
1157 1057 1189 1099 se

157 1138 296 1199 conferre
318 1143 452 1198 coactum
463 1156 471 1213 ;
491 1141 520 1198 et
544 1135 693 1212 Umbriae,
710 1135 982 1216 Hispellatiumque
999 1134 1119 1214 civitati,
1141 1136 1191 1197 cui

156 1242 243 1298 antea
262 1255 323 1296 non
338 1235 457 1312 liceret,
474 1233 716 1295 exhibendorum
727 1233 835 1295 talium
848 1233 992 1297 ludorum
1012 1238 1190 1314 potestatem

102 1375 104 1382 ·
159 1335 196 1395 ab
209 1335 275 1414 ipso
289 1334 470 1414 imperatore
483 1331 682 1394 concessam?

198 1432 285 1493 Idem
295 1433 351 1492 hoc
361 1431 557 1511 rescriptum,
572 1431 663 1492 etiam
674 1430 700 1490 si
713 1431 763 1492 lex
774 1431 844 1492 anni
858 1430 918 1491 326
931 1430 1020 1510 paulo
1039 1436 1108 1490 ante
1123 1449 1190 1491 me·

159 1535 275 1591 morata
291 1529 530 1607 desideraretur,
547 1528 618 1590 satis
633 1547 688 1589 nos
701 1533 852 1606 moneret,
872 1540 964 1607 quam
984 1547 1072 1608 parce
1094 1528 1191 1588 eccle-

159 1628 350 1689 siasticorum
363 1627 545 1708 scriptorum
564 1628 651 1688 dictis
669 1628 706 1688 de
722 1627 873 1687 veteribus
887 1625 1072 1707 Reipublicae
1087 1626 1191 1704 sacriS,

160 1746 229 1807 quae
239 1726 376 1786 certatim
390 1745 496 1787 omnes
506 1731 535 1786 et
548 1745 566 1787 a
579 1725 772 1787 Constantino
786 1725 928 1786 detestata
941 1730 971 1785 et
984 1724 1101 1785 sublata
1111 1726 1191 1785 rete-

160 1831 250 1901 runt,
271 1823 457 1884 credendum
474 1823 521 1884 sit.
542 1823 599 1884 Hic
616 1823 699 1884 enim
715 1822 943 1883 Constantinum
962 1821 1064 1882 ridere
1079 1826 1193 1884 estnec

162 1924 268 2004 priscae
293 1921 517 1982 consuetudinis
541 1926 778 2000 contemptorem
806 1939 863 1980 nec
887 1920 1097 2000 depulsorem,
1123 1939 1194 1981 cum

163 2024 266 2083 cedem
278 2021 402 2082 Flaoioe
409 2023 496 2099 penti
506 2021 665 2099 magrulico
675 2040 765 2100 opere
780 2019 904 2100 perfici,
916 2039 987 2080 cum
998 2026 1027 2081 et
1036 2020 1068 2080 in
1079 2021 1194 2082 Tuscia

165 2125 194 2179 et
208 2121 245 2178 iro
265 2119 397 2178 Umbria
412 2138 433 2178 a
452 2118 668 2178 sacerdotibus
689 2135 855 2178 sacrorum
875 2117 1026 2178 ludorum
1045 2117 1193 2178 solemni-

164 2223 246 2277 tates
254 2217 430 2294 procurari
445 2216 572 2295 jubent,
596 2235 667 2276 cum
687 2220 793 2275 vetera
814 2217 880 2292 ipse
898 2217 1046 2276 instituta
1064 2215 1193 2294 ollepct,

165 2315 288 2394 quibus,
305 2313 573 2394 Hispellatensium
593 2331 749 2374 sacrorum
765 2313 877 2374 sancita
896 2313 1110 2392 celebratione,
1136 2333 1197 2374 non

162 2411 332 2490 plurimum
346 2410 483 2489 derogari
495 2410 624 2471 videtur.
641 2409 729 2482 Quod
744 2409 769 2469 si
783 2409 876 2470 simul
890 2414 968 2470 vetat
975 2427 1016 2468 ae
1029 2409 1090 2468 sibi
1105 2410 1195 2468 dedi-

162 2515 233 2570 cata
242 2508 429 2568 oedisutlius
439 2509 630 2585 contaqtosoe
638 2509 871 2584 superstitionis
881 2506 1054 2586 fraudibus
1060 2506 1191 2584 pollua-

161 2611 214 2665 tur
221 2625 235 2681 ,·
250 2604 385 2665 hocloco
399 2604 505 2664 eadem
519 2605 620 2665 forsan
637 2604 862 2684 intelligitque
883 2602 1039 2664 Eusebius
1052 2610 1085 2661 τὰ
1098 2612 1199 2686 μυσαρὰ

161 2714 205 2770 τῆς
214 2707 413 2783 ἐιδωλολατρείας
422 2702 562 2781 appellat,
574 2702 621 2762 vel
631 2722 668 2762 ne
679 2707 747 2763 ante
756 2702 852 2782 ipsius
862 2706 991 2762 statuam
1003 2700 1194 2761 victimarum

161 2798 381 2862 immolationes
395 2800 514 2877 tierent,
529 2819 618 2877 neve,
639 2805 672 2860 ut
691 2800 724 2860 in
737 2800 922 2880 privatorum
937 2798 1091 2876 domibus,
1109 2799 1198 2877 arioli

162 2899 393 2959 consulerentur
404 2902 433 2959 et
446 2899 540 2958 malas
554 2904 633 2958 artes
644 2904 828 2958 exercerent.
846 2897 933 2968 Quod
946 2917 1016 2960 vero
1033 2903 1145 2978 spectat
1155 2898 1194 2959 ad

163 3002 268 3056 statuae
283 2996 410 3074 hujusce
425 2995 628 3056 adorationem
642 2994 730 3076 (nam
745 2995 809 3055 sine
826 2994 917 3055 dubio
934 2994 1015 3054 illius
1032 2994 1105 3054 aedis
1119 2995 1195 3056 cella
1277 3023 1281 3028 ·

163 3113 223 3155 non
238 3093 361 3154 omnino
374 3112 467 3154 vacua
480 3091 560 3172 erat)
575 3098 604 3154 et
618 3093 656 3154 ad
669 3093 761 3154 factas
775 3099 843 3154 ture
857 3092 1106 3172 supplicationes,
1117 3092 1193 3155 alia·

164 3210 223 3269 que
238 3189 376 3269 ejusdem
390 3189 509 3268 generis
522 3189 650 3270 puerilia
667 3195 696 3250 et
709 3189 854 3268 innocua,
874 3189 956 3250 haud
974 3189 1036 3251 scio
1054 3210 1093 3251 an
1112 3209 1199 3272 aeque

164 3287 362 3367 prohibuerit.

204 3383 391 3445 Cavedonius
408 3383 440 3444 in
461 3383 602 3464 praedicta
620 3383 882 3444 dissertatiuncula
893 3384 965 3444 huic
974 3383 1101 3462 insignis
1115 3384 1197 3446 illius

165 3485 302 3566 rescripti
326 3485 390 3546 loco
412 3484 565 3562 innititur,
592 3503 652 3564 quo
670 3484 859 3546 manifestius
883 3485 969 3546 saciat
988 3486 1069 3565 quod
1091 3486 1199 3547 excusi

165 3589 231 3662 post
254 3601 369 3643 annum
397 3581 456 3642 323
479 3581 715 3642 Constantiniani
742 3581 861 3641 nummi
885 3581 1018 3644 indicare
1038 3581 1198 3662 videntur,
1317 3605 1319 3610 ·

165 3681 286 3741 nullum
302 3699 412 3760 nempe
432 3679 540 3741 veteris
559 3680 666 3760 pagani
684 3680 784 3740 cultus
798 3699 834 3740 ea
846 3684 1022 3759 tempestate
1035 3681 1194 3760 vestigium

163 3778 226 3856 jam
240 3797 364 3840 manere
377 3777 419 3859 (si
430 3778 575 3856 orputsce
579 3823 639 3838 .....
652 3778 781 3838 thenon
794 3778 928 3838 cerbario
940 3780 1061 3838 traceio
1071 3796 1196 3839 veruna

167 3876 239 3936 delt'
254 3878 359 3938 antico
372 3876 461 3936 cultu
474 3893 607 3954 popano
620 3873 682 3956 (2).
700 3876 765 3936 Hoc
783 3895 837 3954 ego
852 3894 906 3956 pro
919 3880 1071 3955 comperto
1085 3875 1197 3936 habere

167 3974 250 4035 nullo
267 3974 362 4038 modo·
375 3993 511 4055 possum,
533 3973 664 4034 nectale
680 3972 795 4053 aliquid
813 3993 851 4034 ex
870 3974 930 4034 hoc
951 3972 1119 4054 praesertim
1138 3989 1201 4032 res·
1306 4008 1308 4012 ·

201 4209 237 4275 (l)
254 4210 364 4272 Enseu,
382 4212 435 4265 ut.
453 4205 663 4270 comt.‚1v‚25.
697 4284 701 4292 Ι

202 4292 237 4360 (2)
255 4293 382 4359 opusculo
397 4295 486 4346 citato.
