3054 5046
770 561 927 622 44.-

329 694 467 776 quamvis
489 699 590 755 autem
616 695 726 756 horum
750 701 922 778 temporum
943 697 1028 760 testis
1046 699 1176 760 extiterit
1197 699 1358 780 Eusebius,

329 793 436 855 merito
450 793 503 853 illa
518 799 656 872 suspecta
675 795 816 855 narratio.
838 795 882 856 De
905 796 961 856 hoc
980 796 1075 857 edicto
1094 797 1268 858 Lactantius
1282 799 1359 877 silet,

330 891 400 952 lieet
414 891 525 971 pariter
544 892 694 952 horrendo
709 897 738 953 et
760 892 954 954 inenarrabili
975 894 1081 955 morbo
1100 895 1194 955 ictum
1217 895 1357 958 divinitus

308 1013 310 1017 ’
330 989 542 1067 Maximinum,
557 1008 617 1049 non
637 990 701 1051 sine
721 991 833 1068 laetitia,
849 990 1008 1052 describat.
1031 992 1143 1052 Mirum
1157 999 1203 1054 est
1216 994 1361 1074 profecto,

332 1087 413 1166 quod
423 1087 463 1148 ita
477 1088 591 1148 similes
600 1088 679 1148 vices
689 1089 816 1168 experti,
830 1089 870 1150 ita
880 1089 971 1149 simili
981 1107 1053 1150 casu
1069 1090 1208 1152 Galerius
1220 1097 1250 1152 et
1262 1091 1358 1152 Maxi-

331 1185 433 1246 minus
448 1186 619 1262 oociderint,
630 1186 736 1247 eodem
744 1187 885 1266 utrinque
895 1187 1000 1248 morbo
1010 1188 1166 1266 singulari,
1177 1190 1284 1250 eadem
1295 1209 1358 1269 poe-

332 1282 456 1344 nitentia
476 1283 573 1342 serius
587 1290 662 1359 acta,
677 1284 783 1344 eadem
802 1289 870 1345 ante
892 1303 1067 1363 supremam
1079 1287 1192 1346 ¹horam
1213 1286 1362 1366 palinodia

333 1380 555 1441 memorabiles.
573 1381 646 1441 Haec
659 1401 719 1441 non
735 1382 799 1444 sine
809 1386 872 1442 arte
881 1382 1044 1460 excogitate
1057 1382 1197 1444 videntur
1207 1389 1237 1444 et
1249 1384 1288 1444 ad
1303 1403 1359 1445 au·

332 1478 461 1557 gendam
475 1479 704 1540 christianorum
716 1479 842 1558 gloriam
856 1479 1002 1558 exquisita
1015 1485 1049 1540 et·
1054 1480 1172 1541 selecta.
1185 1480 1266 1551 Quid
1280 1481 1361 1542 enim

334 1577 448 1636 nomini
467 1581 496 1637 et
514 1578 648 1656 partibus
668 1577 901 1637 christianorum
918 1577 1076 1656 gloriosius
1101 1578 1216 1639 ostendi
1235 1583 1361 1658 poterat,

334 1693 425 1754 quam
440 1675 594 1736 christiani
608 1676 738 1736 nominis
753 1693 855 1744 osores
868 1695 885 1736 e
901 1694 1005 1737 rerum
1024 1675 1140 1755 fastigio
1157 1676 1363 1738 miserabilem

335 1772 366 1832 in
380 1773 506 1833 modum
525 1774 650 1853 delapsi,
671 1774 848 1834 novissimos
862 1774 926 1834 dies
945 1774 1023 1834 inter
1036 1773 1249 1836 inextricabilis
1267 1773 1365 1835 morbi

336 1869 485 1931 cruciatus
498 1870 660 1948 trahentes
676 1871 792 1931 foedum
803 1871 943 1932 omnibus
954 1871 1169 1950 spectaculum,
1190 1870 1365 1950 potentioris

337 1965 392 2026 Dei
414 1967 475 2027 vim
508 1985 655 2046 suamque
686 1967 922 2030 imbecillitatem
949 1969 1088 2045 confessi,
1122 1967 1363 2047 libertatemque,

335 2084 428 2144 quam
442 2066 583 2126 florentes
592 2065 769 2141 abnuerant,
781 2065 849 2125 victi
859 2071 888 2127 et
895 2065 1046 2143 morituri,
1062 2070 1096 2124 ut
1110 2063 1282 2141 victoribus,
1297 2083 1365 2124 con·

254 2157 257 2163 ’
336 2163 476 2224 cedentes
489 2163 495 2222 l
509 2163 822 2235 Quishaecnonartem
831 2164 967 2224 redolere
976 2163 1110 2224 asserat?
1125 2161 1265 2224 Nonsine
1274 2163 1327 2222 iro
1337 2168 1366 2222 et
1394 2169 1397 2175 '

336 2261 441 2320 studio
453 2260 607 2340 scripsisse
618 2278 650 2320 se
664 2259 815 2320 Eusebius
825 2260 935 2321 fatetur
944 2259 989 2342 (1)
999 2265 1028 2320 et
1038 2257 1209 2321 Lactantius
1223 2259 1262 2318 de
1275 2259 1362 2318 Mor·

336 2361 419 2422 tibus
440 2362 683 2423 Persecutorum
712 2362 842 2423 rhetoris
867 2380 963 2440 more,
983 2361 1082 2442 potius
1103 2379 1195 2441 quam
1214 2360 1367 2440 scriptoris

336 2478 407 2520 vera
419 2465 449 2520 et
461 2460 607 2539 simplicia
621 2460 773 2537 sectantis,
787 2460 857 2539 agit.
874 2459 1035 2538 Caeterum,
1055 2458 1080 2519 si
1094 2460 1162 2536 hoc,
1184 2459 1265 2538 quod
1286 2457 1365 2537 apud

336 2557 503 2619 Eusebium
523 2558 633 2637 legitur
643 2558 689 2640 (2)
708 2558 890 2638 rescriptum
903 2557 1097 2635 Maximinus,
1118 2561 1281 2635 antequam
1295 2574 1363 2616 mo-

335 2661 464 2736 reretur,
494 2661 565 2718 vere
595 2657 698 2734 edidit,
712 2657 754 2718 'si
781 2656 966 2718 Constantini
993 2656 1136 2732 edictum,
1167 2652 1364 2715 christianum

334 2754 500 2836 principem
518 2755 642 2832 redolet,
668 2755 733 2834 pari
743 2755 814 2834 jure
834 2759 867 2814 ut
888 2753 1016 2830 videtur,
1033 2751 1231 2812 christianum
1249 2751 1361 2811 factum

334 2869 400 2912 esse
414 2851 613 2912 Maximinum
631 2850 777 2911 affirmari
791 2855 898 2931 potest,
919 2848 1062 2929 quoniam
1074 2848 1150 2909 nihil
1159 2848 1191 2908 in
1211 2847 1360 2907 Constan-

333 2948 390 3009 tini
409 2950 505 3010 edicto
523 2949 674 3009 invenitur
687 2949 768 3028 quod
781 2947 812 3008 in
825 2947 980 3009 Maximini
993 2947 1140 3026 rescripto
1154 2965 1215 3006 non
1230 2944 1277 3004 sit.

375 3046 491 3107 Mortuo
505 3046 667 3107 Maximino
677 3065 769 3127 penes
779 3046 1007 3106 Constantinum
1021 3049 1050 3106 et
1064 3044 1215 3104 Licinium
1228 3034 1275 3104 ΠΙ
1289 3059 1363 3102 con·

335 3144 417 3205 sules
427 3163 532 3204 rerum
543 3163 663 3206 summe
677 3150 750 3206 erat.
763 3144 799 3203 In
808 3149 937 3223 utroque
950 3161 1005 3223 par
1015 3141 1138 3202 ambitio
1148 3147 1178 3202 et
1190 3141 1285 3220 gloria
1300 3139 1363 3200 fere

337 3242 455 3319 similis,
470 3242 508 3302 ab
521 3243 614 3304 altero
626 3242 658 3302 in
671 3242 755 3302 Italia
769 3240 929 3317 Maxentio,
946 3239 984 3300 ab
993 3240 1086 3299 altero
1096 3239 1127 3298 in
1138 3237 1261 3299 Oriente
1271 3234 1363 3296 Maxi·

336 3339 418 3400 niino
427 3338 522 3400 victis.
534 3339 595 3400 Res
605 3338 717 3418 ubique
733 3336 903 3416 compositae
914 3341 1010 3414 erant,
1025 3355 1060 3397 ao
1073 3341 1140 3415 post
1154 3335 1290 3414 quinque
1301 3332 1361 3392 im·

335 3445 510 3519 peratorum
531 3437 627 3499 edicta
649 3436 802 3497 christiani
820 3436 852 3495 in
874 3434 1022 3495 civitatem
1041 3432 1144 3496 adsciti
1161 3437 1191 3494 et
1209 3430 1363 3492 communi

335 3659 472 3719 augustum
486 3653 630 3719 imperium,
645 3652 717 3704 tusus
731 3652 884 3718 fugatusque
898 3663 912 3702 a
927 3649 1034 3711 Licinio,
1052 3648 1118 3714 apud
1136 3647 1243 3715 Tarsum
1261 3645 1337 3711 perit.
1354 3663 1366 3690 υ

336 3739 490 3888 (obligabit
503 3822 631 3887 epitome:
646 3840 659 3868 «ι
673 3821 822 3874 Maximinus
833 3819 900 3884 apud
912 3820 1018 3872 Tarsum
1031 3823 1115 3870 morte
1129 3815 1239 3882 simplici
1253 3814 1338 3880 periit.
1352 3833 1364 3860 ι

335 3906 505 4057 (Cipuribssrr,
520 3993 667 4051 Breotarti,
682 3991 765 4042 libx:
781 4007 794 4036 α
811 3991 865 4040 Non
879 3989 960 4040 multo
974 3989 1095 4054 deinceps
1108 3989 1135 4039 in
1149 3986 1253 4039 Oriente
1267 3996 1369 4050 quoque

270 4113 273 4120 ‹
333 4081 455 4133 advorsus
467 4078 592 4129 Licinium
603 4077 753 4128 Maximinus
767 4089 809 4127 res
819 4087 897 4126 novas
908 4074 1022 4135 molitus,
1033 4074 1141 4126 vicinum
1151 4071 1256 4124 eutium
1265 4069 1368 4122 fortuita

333 4168 400 4233 apud
414 4168 521 4218 Tarsum
533 4172 616 4218 morte
630 4164 761 4230 praevenit.
777 4182 790 4210 s
807 4162 878 4229 (cap.
894 4158 932 4227 5.)

366 4253 402 4320 (t)
419 4253 526 4311 Enseu..
542 4252 614 4304 Hist.
629 4250 727 4307 eccles„
741 4259 799 4308 rur,
813 4247 838 4296 t.

363 4339 399 4406 (a)
416 4337 522 4401 Eusuu,
538 4337 610 4388 litet.
624 4335 723 4393 accus„
738 4344 776 4394 rx,
792 4334 820 4384 9.
