3054 5046
638 535 800 596 ...75-

184 667 350 730 civitatum
364 668 486 730 ordines
498 669 536 728 iis
556 669 646 732 etiam
659 669 905 749 destituerentur,
921 673 974 752 qui
987 673 1177 736 facultatibus
1191 676 1230 737 ad

184 767 296 830 officia
310 768 431 849 publica
445 767 583 830 obeunda
596 769 728 830 maxime
743 769 842 831 idonei
857 777 968 848 essent,
983 773 1146 852 imperator
1169 793 1227 854 pu·

182 863 281 926 blicae
296 865 432 926 utilitatis
445 865 695 945 studiosissimus,
706 872 742 928 ut
753 861 791 929 ex
801 867 916 928 crebris
929 887 1004 948 quas
1012 870 1050 929 de
1060 869 1228 932 decurioni·

182 961 249 1022 bus
268 964 342 1024 tulit
358 963 477 1043 legibus
491 970 624 1046 apparet,
640 985 701 1026 non
721 983 894 1026 concessam
913 965 1029 1027 clericis
1051 967 1228 1030 immunita·

182 1064 253 1120 tem
275 1061 441 1140 abrogavit,
467 1063 531 1139 sed,
551 1063 633 1142 quod
653 1063 845 1124 ecclesiastici
868 1082 929 1123 non
951 1063 1045 1125 civilis
1064 1065 1143 1144 juris
1164 1085 1230 1128 esse

182 1158 364 1237 videbatur,
380 1160 489 1238 sanxit,
507 1179 585 1221 aeos
601 1161 639 1222 de
654 1168 765 1222 caetero
779 1163 816 1221 in
830 1162 1054 1240 defunctorum
1069 1164 1230 1226 duntaxat
1256 1153 1262 1163 ¹

184 1255 385 1318 clericorum
399 1258 468 1318 laca
481 1259 651 1337 subropat-i
665 1259 720 1337 qui
730 1260 864 1336 fortuna
878 1265 986 1320 tenues
1001 1279 1102 1338 neque
1116 1281 1228 1324 mune-

184 1353 284 1414 ribus
308 1354 454 1415 civilibus
477 1361 662 1416 tenerentur
670 1356 824 1440 „obstricti
845 1353 902 1435 (1).
920 1374 936 1414 a
955 1356 1021 1417 Imo
1035 1357 1125 1418 etiarn
1139 1360 1228 1438 paulo

184 1458 261 1530 post
273 1453 417 1532 praecepit
430 1453 498 1513 illos
513 1451 566 1532 qui
580 1458 646 1532 post
659 1452 759 1530 legem
778 1453 868 1512 latam
882 1451 1025 1532 obsequia
1037 1453 1157 1532 publica
1171 1455 1225 1516 de-

184 1549 340 1612 clinantes
359 1551 397 1610 ad
418 1550 600 1611 clericorum
617 1568 783 1611 numerum
797 1549 1003 1628 confugerant,
1019 1552 1124 1630 procul
1139 1553 1177 1613 ab
1192 1573 1227 1614 eo

89 1701 92 1706 .
184 1663 319 1727 corpore
335 1652 526 1729 ‚segregatos
552 1647 643 1708 euriae
662 1646 879 1726 ordinibusque
904 1640 1025 1706 restitui
1044 1654 1074 1710 et
1091 1648 1227 1710 civilibus

186 1743 350 1826 obsequiis
369 1746 515 1806 inservire
535 1745 591 1827 (2).
617 1745 756 1824 Denique
779 1764 832 1806 sex
856 1750 922 1824 post
948 1746 1045 1823 annis,
1070 1747 1169 1825 legem
1190 1748 1227 1808 de
1309 1766 1314 1779 ¹

186 1844 300 1905 eadem
314 1863 348 1906 re
363 1844 528 1925 proposuit,
544 1863 637 1924 quam
646 1843 695 1904 hic
705 1843 835 1904 describi
844 1861 943 1923 operae
953 1838 1161 1923 pretiumesse
1172 1864 1223 1906 ar·

187 1938 302 2001 bitror.

443 2135 672 2198 Constantinus
686 2133 725 2197 A.
742 2136 787 2198 ad
799 2135 981 2238 Ablavium.

236 2353 252 2394 a
274 2335 381 2415 Neque
405 2333 522 2414 vulgari
548 2351 709 2410 consensu,
732 2351 831 2412 neque
849 2331 1033 2412 quibuslibet
1056 2334 1225 2414 petentibus

189 2454 206 2495 a
232 2433 290 2494 sub
304 2432 403 2514 specie
418 2432 598 2494 clericorum
612 2451 630 2492 a
643 2431 822 2516 muneribus
832 2431 960 2512 publicis
974 2433 1085 2494 vacatio
1104 2434 1223 2502 delera-

189 2551 207 2592 «
231 2537 301 2594 tur:
318 2529 509 2592 Nectemere
523 2537 553 2592 et
566 2532 649 2591 citra
667 2517 800 2591 laddum
815 2529 930 2607 papuli
949 2530 1071 2590 clericis
1088 2549 1222 2592 connec-

190 2650 207 2691 a
231 2636 368 2691 tantur:
387 2630 442 2691 sed
461 2648 560 2708 quarn
584 2629 756 2707 defunctas
779 2629 879 2705 fuerit
898 2627 1039 2704 clericus,
1063 2629 1107 2688 ad
1125 2629 1224 2689 vicem

190 2751 208 2792 «
232 2732 377 2811 defuncti
411 2732 496 2792 atius
527 2731 702 2814 adlepetur,
739 2732 791 2790 cui
819 2729 913 2790 nulla
944 2749 983 2790 eac
1007 2728 1224 2809 municipibus

190 2847 209 2890 a
231 2827 484 2911 (decurionibus)
505 2829 663 2906 prosapia
681 2828 792 2905 fuerit,
816 2845 917 2904 neque
940 2845 979 2886 ea
1001 2832 1045 2886 est
1059 2825 1223 2904 opulentia

190 2946 207 2987 a
229 2927 434 3010 facultatum,
451 2946 523 3005 quae
533 2925 681 3004 publicas
697 2925 880 3003 functiones
894 2924 1050 3002 facillime
1064 2930 1159 3003 queat
1176 2933 1222 2986 to·
1265 2951 1272 2967 1

191 3045 208 3086 a
232 3025 335 3087 baare
350 3045 360 3085 :
374 3026 415 3086 ita
429 3030 473 3102 ut,
490 3024 515 3085 si
531 3025 610 3085 inter
629 3024 777 3084 civitatem
792 3028 823 3109 et
836 3021 960 3083 clericos
982 3041 1075 3103 super
1095 3023 1222 3104 alicujus

191 3144 208 3184 a
230 3125 352 3184 nomine
367 3123 532 3200 dubitetur,
548 3123 574 3183 si
588 3141 660 3184 eum
674 3122 800 3201 aequitas
819 3121 857 3184 ad
879 3121 999 3200 publica
1017 3121 1115 3182 trahat
1129 3121 1218 3184 obse-

190 3242 206 3282 a
228 3223 311 3303 quia,
327 3227 357 3282 et
370 3221 512 3301 progenie
523 3220 692 3300 municeps,
706 3221 753 3281 vel
769 3218 947 3300 patrimonio
961 3218 1087 3279 idoneus
1098 3219 1220 3299 dignus-

184 3341 201 3382 «
224 3327 321 3398 cetur,
334 3326 498 3398 ademptus
509 3320 631 3380 clericis
646 3320 767 3379 civitati
777 3318 949 3378 tradatur:
965 3318 1123 3396 opulentas
1138 3319 1219 3380 enim

185 3437 201 3478 a
226 3418 332 3480 saeculi
355 3417 457 3478 subire
481 3416 671 3478 necessitates
698 3419 823 3500 oportet,
849 3432 997 3496 pauperes
1022 3414 1217 3476 ecelesiarum

218 3635 256 3700 (l)
276 3653 290 3681 e
310 3634 364 3685 Non
378 3637 462 3686 exstat
483 3631 538 3684 haec
558 3632 716 3692 constitutio,
742 3630 789 3683 sed
809 3631 835 3681 in
859 3617 916 3696 lege
936 3643 1003 3681 anno
1017 3629 1066 3684 320
1079 3631 1137 3684 data
1150 3633 1220 3686 illius

186 3723 282 3773 mentio
293 3720 322 3772 lit
335 3722 361 3772 ln
376 3719 443 3771 bunc
456 3719 579 3770 madunt
598 3731 677 3769 «aum
691 3717 841 3770 constitutio
850 3716 943 3768 emissa
957 3717 1106 3782 praeaipiat:
1121 3719 1218 3770 nullum

186 3807 308 3871 deinceps
327 3805 492 3857 decurionem
506 3804 548 3854 vel
562 3817 594 3854 ex
608 3803 747 3854 decurione
767 3802 943 3867 progenitum,
957 3802 998 3851 vel
1017 3802 1093 3852 etiarn
1105 3802 1219 3854 instruc-

111 3879 113 3883 ’
186 3895 240 3942 turn
254 3890 355 3942 idonets
373 3889 537 3941 facultatibus
555 3893 634 3954 atque
655 3887 782 3940 obeundis
798 3886 906 3952 publicis
930 3887 1080 3937 muneribus
1093 3892 1219 3952 opportu-

185 3991 246 4028 num
258 3977 291 4028 ad
305 3976 454 4028 clericorum
468 3987 561 4026 namen
575 3973 778 4038 obsequiumque
792 3971 930 4037 confugere
942 3985 949 4034 ;
962 3971 1007 4022 sed
1022 3985 1067 4022 eos
1081 3971 1113 4022 dc
1125 3977 1217 4022 caetero
1247 4022 1249 4027 ,

184 4063 209 4112 ia
225 4061 404 4114 detunctorum
417 4062 539 4112 duntaxat
552 4059 704 4110 clericorum
718 4059 773 4109 loca
788 4058 931 4122 subrogari,
948 4056 992 4120 qui
1005 4055 1105 4106 fortuna
1128 4061 1217 4105 tenues

185 4161 269 4212 neque
283 4147 432 4198 muneribus
454 4145 571 4196 civilibus
595 4148 730 4194 teneantur
743 4142 870 4194 obstricti.
889 4158 899 4189 ι
917 4141 980 4193 cod.
1007 4141 1144 4198 racadu„
1160 4148 1214 4195 xvi.

185 4242 206 4287 t.
220 4235 252 4296 ll,
266 4235 285 4287 l.
301 4231 410 4300 dtdid).

216 4325 252 4393 (ἢ)
271 4327 552 4387 God.Tneadcc.,xv1,
567 4326 588 4385 ῑ,
600 4319 624 4383 t,
641 4321 660 4370 l.
674 4319 700 4384 5,
716 4320 741 4373 io
758 4320 807 4373 dne
822 4319 887 4386 leg's
902 4315 1081 4384 precedentis.
