3054 5046
583 495 743 557 ...81-

148 631 207 692 bus
216 631 333 710 legibus
346 630 452 691 eodem
462 647 540 691 anno
553 629 610 690 321
627 630 713 690 editis
721 631 847 711 judices
854 676 863 706 ,
876 630 1001 708 plebem
1011 631 1173 694 urbanum

149 736 178 789 ct
191 735 382 790 cunctarum
392 731 514 789 artium
525 729 634 808 officio
646 729 821 790 venerabili
833 729 884 789 die
894 730 981 806 solis,
998 735 1033 790 ut
1041 730 1176 810 loquitur

148 846 233 887 more
248 846 380 905 pagano,
402 825 499 888 idest
520 827 567 888 die
591 826 754 904 dominico,
780 827 937 904 quiescere
946 827 1046 906 jussit
1058 826 1114 909 (l).
1135 829 1176 889 At

148 943 219 983 cum
233 923 356 1004 paganis
367 924 449 985 leriae
459 923 575 1001 multae,
592 924 685 985 sacris
699 924 788 984 etiam
801 943 884 984 nuuc
894 923 1012 1001 debitae,
1024 916 1176 1004 relinque-

148 1027 270 1098 rentur,
296 1021 423 1101 quibus,
447 1021 569 1100 judiciis
590 1021 772 1098 tacentibus,
793 1039 849 1082 nec
869 1021 927 1101 ipsi
951 1010 1104 1082 christiani
1127 1042 1177 1084 res

149 1118 285 1179 forenses
306 1124 434 1180 tractare
460 1123 607 1198 poterant,
630 1119 755 1198 aequitas
777 1119 927 1198 poscebat,
952 1125 1033 1180 utea
1056 1139 1178 1201 quoque

149 1235 220 1296 pars
237 1217 349 1278 civium
366 1237 434 1297 quae
452 1217 645 1278 christianam
660 1217 835 1296 religionem
858 1237 895 1278 ex
915 1217 1033 1295 legibus
1048 1219 1177 1296 colebat,

152 1315 245 1375 sacris
260 1314 323 1374 suis
334 1315 414 1376 diem
424 1334 496 1375 eum
510 1333 603 1394 quem
617 1319 839 1376 sacrosanctum
852 1314 994 1392 habebat,
1012 1315 1180 1376 condonare

151 1422 270 1495 posset,
294 1423 324 1477 et
337 1415 443 1476 eodem
455 1417 525 1494 jure
539 1415 714 1476 christianas
734 1415 823 1476 ferias
838 1433 898 1494 quo
913 1433 1042 1494 paganas
1056 1415 1178 1494 Respu-

152 1513 231 1574 blica
250 1513 429 1574 admitteret.
449 1513 571 1573 Nullius
590 1513 683 1592 igitur
703 1513 780 1573 alius
801 1513 845 1573 rei
860 1512 968 1573 veteris
987 1512 1182 1574 observantia·

155 1617 317 1672 sectatores
331 1596 402 1671 eum
413 1629 505 1689 quem
513 1611 691 1671 Pontificem
698 1609 865 1669 Maximum
875 1609 1075 1689 appellabant,
1092 1609 1180 1670 incu-

156 1728 222 1770 sare
237 1715 384 1788 poterant,
401 1709 459 1769 nisi
471 1709 552 1787 quod
561 1728 621 1768 non
633 1715 733 1768 vetera
744 1726 828 1768 sacra
837 1707 924 1768 unice
934 1693 1182 1787 amplecteretur,

155 1814 185 1868 at
199 1807 369 1868 christianae
384 1824 505 1886 quoque
524 1806 677 1884 religionis
691 1805 838 1866 rationem
851 1805 1021 1866 habendam
1042 1805 1184 1882 duceret3

156 1925 214 1966 neo
229 1905 383 1965 christiani
398 1923 506 1965 rursus
521 1895 578 1964 sibi
591 1903 722 1964 blandiri
734 1909 871 1983 poterant
880 1904 961 1982 quod
974 1923 1081 1964 eorum
1094 1904 1187 1965 rebus

157 2003 370 2063 Constantinus
391 2001 542 2082 praecipue
566 2001 753 2077 consuleret,
770 2020 844 2061 curu
862 2002 972 2061 eodem
994 2021 1097 2077 auno,
1122 2004 1187 2062 inco

158 2119 265 2160 meuse
273 2101 391 2175 eodem,
405 2100 444 2159 de
450 2099 621 2178 fuluuruuc
631 2104 718 2157 tuctu
727 2097 922 2175 Haruspices
928 2099 1055 2176 publice
1065 2101 1187 2161 consuli

153 2199 293 2277 juberet,
313 2204 342 2258 et
357 2199 400 2258 od
415 2216 447 2257 se
462 2216 574 2258 eorum
587 2197 708 2274 deferri
726 2214 878 2273 respousa
886 2243 895 2272 ,
915 2199 1118 2276 patronisque
1137 2217 1187 2258 sa·

159 2313 291 2354 crorum
301 2314 411 2356 rerum
420 2295 548 2372 publice
558 2293 998 2370 tractandorumpotestotem
1006 2295 1190 2355 solemniter

159 2394 311 2454 tribueret
324 2391 380 2474 (2).
397 2391 510 2453 Omnes
524 2392 665 2472 denique,
683 2410 753 2451 cum
767 2390 807 2451 ita
822 2409 913 2450 novas
926 2391 1016 2452 ferias
1031 2391 1186 2468 conderet,

160 2511 232 2552 eum
246 2510 284 2551 ex
297 2490 390 2552 veteri
405 2481 480 2570 jure⁴
495 2489 667 2566 Pontificis,
691 2489 740 2548 cui
760 2488 940 2566 religionum
961 2490 1098 2550 omnium
1111 2503 1189 2552 'oure

160 2594 190 2649 et
204 2587 338 2649 custodia
352 2587 569 2668 competebant,
585 2605 673 2664 agere
683 2583 729 2666 (3)
742 2605 802 2646 non
816 2587 952 2647 confiteri
965 2607 1025 2648 non
1041 2594 1186 2667 poterant.

160 2686 266 2765 quue
279 2685 378 2744 minor
391 2689 455 2744 erat
467 2682 664 2763 querimoniis
677 2682 773 2760 locuS,
790 2702 850 2762 quo
860 2683 939 2745 intra
949 2685 1092 2764 justiores
1111 2685 1188 2746 fines

193 2907 229 2974 (i)
246 2908 340 2959 Omnes
358 2907 469 2971 judices,
484 2908 639 2970 urbaneque
661 2906 751 2969 plebes
771 2911 798 2956 et
819 2896 968 2958 cunctarum
989 2907 1081 2966 artium
1105 2909 1188 2961 officia

163 2993 301 3044 venerabili
312 2993 354 3043 die
367 2993 429 3044 solis
442 2993 584 3057 quiescant.
598 2991 660 3041 Ruri
675 2997 760 3042 tamen
771 2992 848 3055 positi
860 3005 979 3057 agrorum
991 2993 1096 3044 culturae
1109 2995 1191 3047 libere

163 3075 321 3140 licenterque
338 3076 493 3127 inservient:
509 3075 628 3139 quoniam
650 3073 797 3139 frequenter
819 3077 904 3127 evenit
917 3084 946 3127 ut
962 3090 1014 3131 uon
1034 3079 1118 3142 aptius
1141 3079 1190 3131 elio

164 3159 204 3210 die
215 3159 341 3216 frumenta
354 3159 432 3209 sulcis
446 3165 490 3210 aut
503 3159 584 3209 siueae
601 3158 735 3209 scrobibus
756 3157 920 3211 mandentur:
938 3174 970 3212 ne
985 3163 1118 3214 occasione
1132 3177 1190 3214 mo-

164 3245 244 3295 menti
265 3249 355 3308 pereat
376 3243 542 3294 commoditas
564 3241 662 3293 coelesti
688 3242 833 3306 provisione
855 3255 986 3295 concessa.
1002 3264 1014 3290 ιι
1036 3245 1104 3311 (nat.
1128 3260 1190 3298 non.

164 3334 240 3379 mart.
254 3328 343 3392 Crispo
356 3334 383 3380 et
396 3328 561 3378 Constantino
574 3326 594 3376 ii
608 3327 686 3378 Gaess.
709 3328 781 3377 coss.
803 3325 874 3384 bii.)
890 3329 966 3392 (God.
987 3333 1069 3391 Just„
1086 3331 1134 3382 lib.
1150 3343 1189 3395 ru,

166 3413 206 3463 nt.
219 3411 259 3472 ie,
273 3401 292 3461 i,
307 3412 344 3476 a.)

202 3515 213 3544 r
232 3497 303 3548 sicut
312 3495 516 3561 indignissimum
525 3494 658 3546 ridebatur
667 3496 735 3546 diem
747 3495 809 3546 solis
820 3496 989 3547 venerationis
999 3510 1052 3547 suae
1064 3497 1191 3550 celebrem

166 3582 347 3633 altercantibus
355 3581 447 3646 jurgiis
460 3587 487 3632 ct
499 3581 582 3632 noxiis
597 3581 705 3643 partium
719 3581 924 3632 contentionibus
938 3583 1066 3646 occupari,
1080 3583 1115 3634 ita
1130 3569 1193 3649 gra-

167 3672 221 3716 tum
235 3680 265 3717 ac
276 3667 417 3733 jucundum
429 3672 479 3728 est,
495 3679 525 3717 co
536 3665 577 3716 die
592 3678 647 3734 qua
660 3670 720 3715 snut
734 3665 842 3716 maxime
856 3665 940 3716 votive
955 3668 1094 3731 compleri:
1115 3676 1192 3734 etque

166 3751 224 3802 ideo
238 3751 414 3816 eniancipaudi
434 3759 460 3802 et
475 3749 669 3801 manumittendi
688 3748 732 3800 die
751 3750 816 3800 testo
832 3752 916 3800 cuncti
930 3751 1057 3802 licentiam
1072 3753 1192 3817 babeant,

167 3843 194 3887 et
207 3851 285 3902 super
298 3838 338 3888 his
353 3838 430 3888 rebus
447 3843 518 3887 actus
532 3850 582 3888 non
601 3834 821 3900 prohibeantur.»
838 3835 895 3901 (PP.
914 3851 975 3888 non.
997 3839 1052 3901 iun.
1069 3841 1193 3904 crispoli

168 3929 195 3973 ct
208 3922 374 3972 Constantino
387 3921 408 3971 ii
419 3922 497 3972 Caess.
511 3921 584 3972 Coss.
598 3919 656 3971 ant.
673 3921 747 3985 (cod.
762 3921 869 3980 Theoti..
884 3921 929 3971 lib.
945 3933 973 3982 u,
986 3922 1026 3971 tit.
1039 3925 1065 3984 8,
1079 3925 1097 3975 i.
1111 3926 1145 3990 i.)

203 4006 239 4071 (b)
257 4008 325 4058 Loco
338 4020 415 4070 supra
429 4008 516 4068 citato,
531 4008 570 4057 De
583 4008 743 4070 Hamspicae
756 4018 808 4057 usu
823 4007 874 4069 lca,
889 4007 959 4056 uari.
976 4020 1059 4058 mens.
1078 4007 1157 4075 (bii).
1222 4071 1224 4077 γ

203 4088 238 4156 (3)
259 4091 387 4143 Pontibus
410 4091 512 4141 Marini
535 4096 590 4142 erat
608 4089 729 4140 seriarum
752 4096 867 4153 tempora
890 4091 1054 4161 constituere.
1080 4120 1110 4130 —
1133 4092 1195 4142 Vide

116 4162 122 4168 ’
170 4173 224 4225 vin
239 4176 320 4238 bite,
340 4179 378 4228 De
397 4177 562 4240 Pontificem
585 4176 720 4234 Monimo,
738 4174 844 4226 dissert.
861 4186 895 4235 u;
921 4175 1053 4241 Purrsous,
1078 4178 1197 4229 Leuicou

170 4262 303 4323 Antiqua.
319 4274 401 4320 rom„
412 4267 432 4311 t.
448 4261 479 4323 ii,
492 4265 541 4310 art.
556 4258 691 4322 Pontifex.

1089 4367 1110 4431 6
