3054 5046
784 553 945 616 ..64-

591 696 595 703 “
690 705 756 749 mr.
783 705 859 750 xxu.
889 705 955 751 cos,
977 705 1033 749 vn.

596 845 606 872 Ι
662 805 692 848 P.
723 805 753 848 Ρ.
784 803 932 850 procos.
963 803 1063 850 cous.

691 903 895 947 uvununxvn.
917 903 1036 946 sanun.

664 1001 730 1045 mvr
759 999 935 1046 cousrnurr.
966 1000 1061 1044 rrum.

722 1098 802 1142 nouo
817 1098 848 1142 n.
864 1097 895 1140 r.
912 1098 1003 1142 uiro.

753 1196 787 1239 n.
812 1197 842 1238 r.
866 1195 907 1240 xv
921 1176 977 1260 (t).

388 1374 512 1453 Antiqui
534 1393 604 1435 vero
627 1373 764 1451 nummi,
785 1379 820 1434 ut
838 1374 917 1434 inter
944 1393 1050 1435 omnes
1078 1378 1209 1450 constat,
1229 1392 1302 1433 cum
1323 1373 1377 1432 tri-

347 1473 471 1534 bunitiae
485 1473 636 1553 potcstatis
649 1479 701 1534 aut
714 1473 884 1532 consolatus
899 1471 1011 1532 mentio
1027 1472 1111 1532 deest
1124 1491 1184 1550 quo
1205 1490 1283 1531 anno
1304 1489 1374 1550 per-

244 1573 252 1590 ·
348 1571 427 1631 cossi
443 1570 566 1648 fuerint,
586 1589 646 1630 non
663 1570 749 1630 facile
769 1569 859 1630 statui
876 1574 981 1649 potest.
998 1571 1103 1648 Itaque
1120 1569 1257 1647 quamvis
1270 1569 1379 1647 ingens
1422 1633 1424 1640 ,

347 1673 443 1729 exstet
466 1667 565 1728 adhuc
586 1667 900 1728 Constantinianorum
922 1685 1120 1727 nummorum
1145 1684 1294 1726 numerus
1313 1665 1378 1727 Jovi

347 1771 398 1830 aut
411 1765 498 1826 Marti
513 1772 564 1825 aut
580 1765 705 1826 Herculi
724 1770 776 1826 aut
796 1765 857 1826 Soli
874 1785 1041 1843 sacrorum,
1060 1785 1121 1825 non
1130 1767 1201 1845 jure
1215 1765 1377 1845 quisquam

348 1883 386 1924 ex
407 1863 444 1923 iis
463 1883 561 1923 unum
582 1863 638 1923 sub
653 1864 748 1924 finem
769 1864 854 1943 regni
876 1883 984 1924 cusum
1004 1864 1157 1926 alfimnare
1175 1868 1274 1943 queat.
1290 1863 1374 1923 Non-

347 1961 449 2022 nullos
463 1967 564 2022 autem
575 1962 708 2040 reperire
719 1968 775 2040 est,
788 1963 841 2023 sed
855 1968 929 2024 teste
944 1963 1086 2023 Eokhelio
1100 1962 1309 2043 paucissimos,
1325 1962 1377 2041 qui

346 2056 572 2135 Monogramma
583 2057 693 2118 Christi
706 2058 805 2119 ferant
817 2078 825 2134 3
841 2064 875 2119 ut
887 2060 961 2120 adeo
977 2079 992 2119 «
1005 2079 1042 2120 ex
1050 2059 1234 2120 Constantini
1243 2063 1374 2136 moneta,

346 2159 381 2214 ut
394 2154 476 2215 idem
489 2155 653 2215 Eckhelius
668 2155 725 2233 ait,
742 2175 841 2235 neque
855 2157 992 2235 pertinax
1002 2157 1034 2216 in
1048 2161 1148 2218 vetera
1162 2175 1246 2216 sacra
1259 2155 1374 2233 odium,

345 2272 445 2332 neque
463 2254 607 2314 adversus
629 2253 790 2315 christiana
806 2255 930 2314 affectus
950 2254 1071 2334 probari
1087 2255 1180 2335 possit
1202 2252 1258 2336 (2).
1284 2274 1300 2314 n
1319 2255 1376 2315 Vix

345 2351 501 2430 equidem,
523 2352 601 2412 inter
623 2352 767 2412 ducentos
790 2357 842 2412 aut
866 2353 1013 2432 ampluis,
1037 2371 1114 2431 quos
1134 2352 1207 2412 mihi
1230 2353 1376 2412 tractandi

345 2450 458 2511 occasio
473 2450 540 2526 fuit,
552 2469 649 2510 unum
664 2455 716 2510 aut
730 2451 860 2511 alterum
874 2451 1042 2511 christianis
1056 2451 1163 2511 litteris
1173 2478 1194 2529 χ
1206 2456 1263 2531 etp
1276 2451 1372 2510 inter-

293 2551 296 2558 '
344 2550 445 2610 mixtis
459 2550 589 2629 signatos
607 2549 717 2610 inveni.
734 2531 775 2610 Et'
789 2550 825 2610 iis
843 2549 966 2629 quidem
981 2552 1116 2611 nummis
1135 2549 1248 2629 aliquid
1268 2551 1374 2629 pagani

344 2647 434 2708 etiam
448 2648 547 2708 inesse
560 2648 689 2723 videtur,
706 2666 802 2726 quum
816 2647 909 2708 altero
923 2647 1016 2708 latere
1025 2647 1187 2708 Victoriam
1202 2647 1297 2707 Deam
1311 2647 1373 2708 ala·

342 2751 405 2806 tam
423 2751 475 2807 aut
487 2747 653 2808 Fortunam
668 2747 764 2807 Deam
783 2747 952 2808 exhibeant.
969 2747 1056 2807 Multi
1069 2752 1171 2808 autem
1188 2751 1254 2826 post
1267 2745 1372 2806 condi-

342 2849 404 2905 tam
419 2845 704 2923 Constantinopolim
732 2845 815 2921 cusi,
837 2845 917 2923 quod
942 2845 1048 2905 litterae
1075 2862 1172 2908 Pcous
1193 2850 1245 2904 aut
1265 2860 1371 2906 cousr.

342 2941 474 3002 indicant
503 2942 656 3002 Fortunae
682 2944 812 3022 hujusce
838 2944 926 3002 urbis
953 2944 1116 3020 perlectum
1141 2949 1246 3019 caput,
1274 2943 1374 3027 'altero
1463 2939 1470 2958 “

345 3040 437 3100 latere
452 3039 623 3100 Victoriam
637 3040 738 3100 Deam
752 3041 910 3101 sedentem
921 3041 1091 3101 ostendunt.
1103 3040 1190 3100 Multi
1204 3040 1294 3100 etiam
1308 3045 1375 3120 post
1466 3105 1471 3118 .

343 3136 528 3197 Constantini
542 3141 671 3196 mortem
686 3137 822 3215 percussi
840 3137 933 3198 altero
946 3138 1040 3198 latere
1054 3142 1144 3216 eaput
1155 3137 1288 3198 velatum
1301 3157 1373 3198 cum

341 3233 389 3293 his
411 3232 519 3294 Verbis
537 3253 558 3294 o
575 3252 595 3294 v
612 3232 724 3314 (divus)
745 3251 969 3296 cousmmmvs
990 3253 1028 3296 er
1044 3232 1154 3315 (pater)
1175 3251 1267 3296 Avo-o.
1290 3233 1370 3315 (Au-

341 3330 523 3412 gustorum),
546 3331 638 3392 altero
661 3331 755 3392 latere
778 3350 798 3392 v
823 3350 843 3393 u
868 3330 1074 3413 (venerabilis)
1096 3349 1119 3392 n
1146 3331 1178 3393 u'
1191 3331 1372 3412 (memoriae)

341 3429 486 3511 praebent‚
507 3434 541 3488 ut
553 3428 584 3488 in
599 3429 745 3506 nummis,
762 3428 794 3489 in
808 3429 1019 3490 detunctorum
1039 3429 1211 3511 principum
1225 3430 1371 3491 honorem

341 3528 432 3606 cusis,
455 3526 522 3587 fieri
543 3527 666 3588 solebat.

380 3624 454 3684 Mihi
470 3624 573 3703 igitur,
590 3629 619 3684 et
636 3643 671 3684 ea
687 3643 755 3704 quae
770 3624 939 3702 Byzantinos
953 3624 1085 3685 historiae
1099 3630 1235 3686 auctores
1251 3625 1284 3685 in
1302 3644 1371 3686 con-

341 3722 438 3784 denda
459 3726 490 3782 et
512 3721 674 3781 dedicanda
692 3721 946 3801 Constantinopoli
960 3723 1036 3782 tacta
1052 3721 1144 3782 fuisse
1162 3721 1368 3801 tradiderunt,

340 3827 370 3883 et
382 3841 428 3898 ea,
443 3838 511 3899 quae
528 3819 606 3878 tituli
623 3819 813 3898 nummique,
837 3819 869 3879 in
891 3821 1034 3880 extremis
1047 3819 1232 3881 Constantini
1249 3825 1367 3901 tempo·

339 3920 424 3980 ribus
442 3916 528 3977 incisi
545 3917 658 3993 ferunt,
681 3936 741 3977 non
761 3916 900 3977 videntur
915 3937 933 3978 a
952 3917 1081 3998 publicis
1095 3917 1221 3978 decretis
1237 3917 1368 3996 rescrip-

338 4019 450 4100 tisque,
466 4035 535 4098 quae
550 4015 775 4095 descripsimus,
791 4016 956 4078 admodum
973 4017 1145 4079 abhorrere.
1168 4017 1223 4078 Ille
1237 4016 1368 4097 profecto

372 4211 409 4281 (t)¹
425 4214 535 4275 Oxum„
546 4223 575 4264 n⁰
591 4213 667 4265 1080.
798 4247 801 4254 ·

373 4299 407 4365 (2)
427 4299 543 4364 Eorum,
558 4311 602 4364 op,
617 4298 673 4363 cit,
688 4311 715 4364 p.
731 4299 774 4363 78,
789 4298 831 4350 79.
