3054 5046
611 689 769 799 rins
804 689 1013 803 Plllllli.

310 974 446 1072 QUALFM
467 975 507 1034 sb
525 975 683 1034 cassetur
702 973 871 1034 ADVERSUS
889 975 1051 1036 GENTILES
1073 977 1334 1040 construimus

597 1265 1048 1312 w

726 1620 877 1701 eleut
905 1621 928 1700 l.

402 1863 408 1874 ¹
465 1845 498 1898 lb
511 1845 589 1899 elicto
603 1844 661 1899 inlc
674 1843 846 1900 llcltolanonsl
860 1845 1045 1900 alleluiatum
1059 1845 1187 1900 Moluium.

752 2064 905 2136 (aream.)

741 2306 910 2324 w

357 2543 518 2605 Liciniusa
532 2545 723 2606 Constantino
735 2546 767 2607 in
781 2547 968 2624 affinitatem,
985 2565 1086 2607 sorore
1100 2546 1237 2607 videlicet
1251 2547 1345 2608 Cons-

317 2642 422 2703 tantini
431 2641 489 2722 ipsi
505 2643 664 2722 desponsa,
680 2643 839 2705 Mediolani
852 2644 995 2720 adscitus,
1007 2644 1102 2704 edicto
1112 2662 1166 2724 pro
1176 2644 1344 2706 christianis
1382 2697 1386 2706 .

318 2745 519 2817 consenserat,
535 2740 643 2800 deinde
654 2747 815 2820 antequam
829 2760 899 2802 cum
914 2741 1076 2802 Maximino
1090 2760 1199 2802 manus
1209 2760 1346 2802 consere·

318 2843 364 2898 ret
378 2839 609 2899 christianorum
623 2839 733 2916 Deum,
750 2845 783 2899 ut
797 2838 967 2900 Lactantius
986 2840 1079 2900 refert
1088 2837 1145 2920 (1),
1161 2839 1345 2900 solemnibus

319 2935 459 3016 precibus
473 2935 571 3015 iisque
586 2937 706 3017 publice
717 2933 846 2997 recitatis
857 2938 979 2998 adierat.
994 2937 1086 2997 Nulla
1100 2937 1190 3015 igitur
1199 2937 1277 2998 inter
1286 2938 1347 2997 Au-

318 3041 421 3115 gustos
431 3041 494 3096 erat
504 3037 541 3096 de
554 3036 750 3114 religionibus
764 3036 946 3116 disceptatio,
963 3041 1056 3114 utque
1072 3035 1283 3095 Constantinus
1297 3036 1347 3096 ad-

318 3153 425 3194 versus
439 3133 624 3195 Maxentium
639 3134 681 3194 sic
695 3135 829 3195 Licinius
843 3135 986 3195 adversus
999 3132 1198 3192 Maximinum
1218 3133 1347 3193 nominis

202 3268 206 3276 ·
320 3231 471 3292 christiani
486 3233 602 3291 hostem
615 3232 732 3292 bellum
746 3238 889 3310 gesserat.
906 3232 968 3291 Pax
977 3236 1091 3308 tamen,
1108 3236 1252 3309 tanquam
1263 3231 1288 3290 si
1298 3231 1345 3290 di-

320 3329 420 3390 visum
434 3329 507 3388 olim
525 3329 604 3389 inter
618 3334 746 3409 quatuor
764 3329 914 3409 principes
930 3329 1105 3408 imperium,
1122 3348 1182 3389 non
1193 3329 1258 3407 jam
1275 3328 1347 3389 duo-

321 3447 393 3489 rum
407 3428 599 3489 ambitionem
613 3430 735 3508 explere
745 3433 855 3509 posset,
871 3448 931 3489 non
946 3429 998 3487 diu
1013 3428 1132 3488 mansit.

362 3529 430 3589 Non
443 3535 488 3589 est
502 3529 596 3589 nostri
610 3529 708 3609 operis
728 3531 843 3590 referre
866 3529 977 3608 quibus
996 3529 1033 3589 de
1057 3528 1155 3589 causis
1177 3534 1241 3589 orta
1261 3529 1352 3590 fuerit

322 3628 481 3704 contentio,
496 3632 527 3687 et
538 3627 729 3706 redintegrati
743 3627 816 3688 belli
829 3627 908 3687 vices
923 3626 1056 3705 singulas
1070 3627 1222 3706 persequi.
1246 3627 1351 3686 Victus
1462 3621 1464 3626 ’

322 3726 402 3806 apud
416 3725 543 3802 Cibalas‚
554 3726 719 3786 ¹Pannoniae
734 3725 890 3805 oppidum,
905 3725 1049 3802 Licinius,
1063 3726 1170 3786 deinde
1186 3726 1266 3805 apud
1274 3725 1352 3786 Mar-

324 3824 404 3885 diam
423 3823 454 3882 in
467 3823 604 3900 Thracia,
620 3828 650 3883 et
664 3824 776 3902 aliquot
792 3823 950 3903 provinciis
965 3829 1085 3900 exutus,
1102 3823 1232 3883 Orientis
1251 3829 1353 3884 tamen

238 3968 239 3971 ,
323 3921 497 4002 imperium,
516 3921 670 3981 deminuta
692 3921 833 4000 dignitate
857 3920 990 3980 retinuit.
1017 3921 1184 3982 Concessus
1201 3920 1353 3982 Liciniano

325 4020 430 4080 Licinii
444 4020 506 4080 filio
521 4020 704 4098 consulatue,
721 4019 802 4100 pacis
816 4018 1011 4098 ignominiam
1025 4019 1103 4080 male
1117 4017 1239 4079 obtexit.

367 4118 439 4180 Octo
454 4124 520 4200 post
533 4119 630 4196 emme,
656 4118 801 4180 societatis
824 4117 909 4196 regni
932 4117 1091 4197 impatiens
1106 4115 1318 4178 Constantinus
1326 4121 1353 4176 et

338 4317 339 4320 ’
359 4315 394 4384 (l)
412 4317 554 4380 Lucrina,
569 4319 607 4369 De
621 4320 701 4369 mort.
713 4321 855 4381 persecut„
870 4330 892 4368 c.
909 4317 951 4367 lo.
