3054 5046
758 537 922 604 ..ds-

327 673 443 739 Tusciae
456 677 718 757 nuncupabantur.
736 677 814 738 Cum
827 684 929 740 autern
943 679 975 739 hi
985 679 1050 740 ludi
1064 685 1093 741 et
1105 659 1171 740 haed
1184 681 1358 760 gladiatorio

328 795 455 836 munera
465 775 545 862 apud
558 775 711 836 Vulsinios
721 775 753 837 in
763 776 871 837 Tuscia
883 777 1114 855 exhiberentur,
1130 797 1186 838 nec
1192 779 1357 842 in'Umbria

328 871 472 933 editiones
486 871 631 932 celebrari
645 871 759 948 llaeret,
775 874 1020 954 sacerdotemque
1036 874 1181 952 Umbriae,
1198 877 1358 955 perardua

328 971 477 1032 montium
491 975 521 1030 et
534 969 725 1031 difficultates
741 971 884 1032 itinerum
903 973 1059 1049 saltuosas,
1079 972 1233 1035 Vulsinios
1255 981 1357 1054 petere

328 1087 399 1129 curn
414 1069 509 1130 multo
519 1068 671 1147 impendio
685 1088 807 1130 necesse
820 1075 917 1147 esset,
934 1071 1114 1150 Hispellates
1128 1071 1166 1131 ab
1176 1071 1358 1151 imperatore

328 1167 489 1247 petierunt,
501 1171 533 1226 ut
543 1166 599 1226 sibi
610 1185 730 1246 quoque
743 1167 776 1227 in
789 1167 915 1228 Umbria
927 1168 1016 1230 ludos
1030 1170 1119 1230 edere
1129 1170 1317 1249 permitteret
1329 1178 1360 1232 et

328 1263 436 1324 civitati
458 1282 533 1340 suae,
549 1263 696 1341 degentis
713 1263 822 1325 Flaviae
841 1264 962 1332 nomine
979 1265 1209 1345 appellationem
1226 1266 1355 1346 inderet,

328 1380 396 1441 quae
416 1361 517 1423 omnia
535 1361 747 1422 Constantinus
765 1378 1007 1423 cousvnrvnrrus
1028 1379 1171 1439 rmscan,
1191 1369 1224 1424 ut
1245 1363 1355 1424 inscri-

327 1460 421 1538 bitur,
436 1458 631 1536 revcrentior,
646 1459 801 1520 concessit.

447 1655 584 1702 scrucnr
598 1655 636 1700 vr
653 1655 685 1700 m
700 1655 862 1700 Posmnvu
875 1655 1050 1701 emuniens
1064 1656 1142 1701 unns
1158 1640 1357 1721 (hispellum)

382 1759 386 1766 ¹
447 1754 559 1798 acaum
587 1751 740 1799 consutus
769 1753 911 1798 voanrvn
938 1753 970 1796 m
998 1753 1085 1798 cvivs
1101 1754 1235 1802 ,sannio

446 1851 551 1896 annun
572 1851 691 1903 Qvoovn
711 1850 843 1894 suavius
861 1850 923 1896 noa
944 1849 999 1894 nsr
1016 1851 1155 1896 nosram
1174 1853 1235 1896 oss

446 1948 493 1992 r1s
514 1949 553 1992 vr
570 1947 777 1992 nnsrnnmras
793 1949 963 1994 uacmmco
985 1950 1089 1994 ornan
1109 1950 1234 1996 ananim

446 2045 588 2090 vonvuvs
610 2047 651 2090 na
669 2046 900 2091 onsnnmrronn
923 2047 1115 2093 russonum
1137 2049 1177 2091 nn
1195 2049 1234 2092 nn

446 2143 496 2188 ms
521 2142 640 2186 nosrno
665 2144 776 2187 nomm
803 2145 954 2190 nnnroam
978 2145 1151 2198 causamn
1175 2145 1234 2190 con
1330 2197 1333 2205 ,

446 2225 855 2286 raorosn¹sv12snsr1rroms
868 2214 1041 2287 rmunrnvs
1055 2244 1235 2288 noccvnrvn

449 2339 693 2392 consummana
735 2341 829 2384 arran
870 2341 1040 2386 cumcurn
1081 2343 1113 2384 ru
1151 2343 1232 2385 anns

446 2438 553 2483 n1crn
580 2439 747 2484 clttTA'rE
771 2439 1035 2482 uxrnnunonuu
1059 2420 1105 2502 (2)
1128 2439 1234 2483 vonis

446 2536 643 2582 LICENTIAII
671 2535 833 2581 unulnvs
859 2536 1024 2582 SCILICET
1051 2538 1092 2580 VT
1116 2537 1233 2582 SICVTI

446 2635 560 2680 mmm
597 2634 653 2678 EST
689 2635 752 2678 PER
788 2633 876 2680 ulcus
914 2634 1068 2678 TEMPORIS
1110 2635 1230 2679 SOLLEII

445 2731 534 2776 NITAS
564 2732 734 2777 EDITIONVM
761 2731 922 2775 VVLSINIOS
950 2732 1070 2784 Qonvn
1097 2733 1160 2776 NON
1190 2733 1231 2776 DE

445 2830 543 2874 saltur
554 2831 605 2873 t'ssl
617 2814 745 2874 (ΞΗΕΔΤΙ3
756 2830 774 2872 Ε
787 2829 894 2874 Tvscta
905 2829 1134 2874 SACERDOTIBVS
1145 2831 1231 2874 unito

445 2927 524 2971 RATA
534 2925 721 2972 GELEBRITAS
732 2926 914 2971 EXHIBENDA
923 2925 978 2970 EST
988 2927 1039 2970 ITA
1049 2927 1162 2979 QVIPPE
1173 2927 1233 2972 NEC

444 3023 615 3068 VETERIBTS
655 3023 822 3067 INSTITVTIS
867 3025 1028 3068 PLVRIMVM
1066 3025 1233 3068 VIDEBITVII

443 3121 632 3166 nullodum
648 3121 686 3164 ET
707 3119 764 3163 VOS
785 3121 837 3173 QVI
855 3123 895 3166 ΟΒ
910 3121 1100 3167 PRAEDICTAS
1120 3121 1232 3168 CAVSAS

445 3218 535 3263 NOBIS
572 3218 738 3264 SVPPLICES
772 3219 921 3262 EXTITITIS
954 3220 995 3264 ΕΔ
1028 3221 1107 3272 QVAE
1139 3221 1233 3264 INPIIN

445 3319 506 3363 nro
534 3317 772 3383 eosrvunsms
795 3318 1097 3364 iucarnarnnsss
1115 3321 1232 3372 cavus

444 3398 588 3480 suisli).

363 3605 508 3678 Quaenam
518 3605 621 3684 igitur,
628 3606 689 3666 viso
694 3607 750 3666 hoo
758 3605 942 3666 Constantini
949 3605 1105 3686 rescripto,
1111 3606 1352 3666 testimoniorum

323 3704 447 3767 Eusebii
456 3703 531 3763 ratio
543 3703 681 3764 habenda
690 3709 750 3780 est,
761 3703 814 3782 qui
824 3703 946 3763 omnino
955 3704 1079 3764 vetitum
1094 3704 1188 3764 luisse
1201 3703 1239 3764 ab
1253 3705 1351 3784 impe-

323 3812 421 3868 ratore
440 3803 542 3881 tradit,
561 3823 600 3865 ne
617 3805 747 3864 civitates
765 3803 880 3864 crudeli
899 3811 929 3864 et
950 3804 1042 3884 Impia
1057 3805 1257 3896 gladiatorum
1270 3805 1351 3865 caede

355 4041 390 4106 (Ι)
408 4038 451 4089 Sic
464 4051 510 4102 pro
524 4041 689 4103 contagiosa.

354 4123 390 4188 (2)
407 4126 449 4173 Sto
463 4137 509 4187 pro
522 4123 734 4174 exhibendorum.

355 4211 392 4274 (3)
409 4209 450 4258 Sic
465 4209 628 4271 procreatis.

354 4295 390 4362 (t)
406 4295 437 4346 G.
451 4295 579 4372 lisura..
594 4295 637 4346 iu·
653 4295 702 4347 rol.
719 4297 787 4349 (toll.
798 4298 953 4360 onum
963 4313 988 4363 p.
1005 4299 1064 4350 tlt.
1079 4309 1108 4349 n·
1122 4298 1198 4350 5580.
