3054 5046
792 517 953 582 ..82-

358 653 409 716 lex
422 655 545 716 reducta
564 661 642 732 erat,
664 653 731 716 data
748 672 857 734 nempe
877 659 908 715 et
930 651 1083 732 agricolis,
1108 669 1143 712 eo
1163 651 1228 733 ipso
1248 647 1319 711 solis
1334 651 1382 711 die

357 755 509 815 culturam
522 772 666 832 agrorum
679 753 857 830 exercendi,
873 758 903 812 et
916 752 1031 812 cunctis
1051 750 1259 830 emancipandi
1278 755 1309 811 et
1321 768 1385 810 ma·

357 852 553 929 numittendi,
566 870 642 933 quos
656 852 821 929 voluerint,
838 851 927 930 plena
936 849 1055 910 licentia
1069 847 1124 930 (t).

397 951 548 1012 Caeterum
561 950 675 1012 nonita
691 949 785 1010 tacitis
794 948 951 1010 uidebatur
966 947 1179 1009 Constantinus
1193 951 1227 1007 ut
1240 947 1386 1007 seriarum

354 1065 519 1108 numerum
543 1065 597 1127 per
617 1047 746 1108 alienam
767 1047 953 1106 uoluntatem
977 1063 1112 1105 crescere
1136 1049 1305 1124 pateretur,
1333 1041 1386 1121 qui

353 1145 410 1206 alia
423 1146 489 1226 lege
507 1145 585 1227 (sine
606 1147 654 1207 dic
669 1150 699 1207 et
715 1145 903 1225 consulibus)
916 1143 954 1206 ad
967 1144 1115 1205 Severum
1129 1143 1253 1219 directa,
1268 1140 1386 1202 vetabat

353 1246 479 1322 nequis
493 1245 740 1306 administrator
752 1246 854 1322 ferias
868 1245 1057 1306 auctoritate
1070 1261 1132 1303 sua
1146 1242 1280 1302 condere
1296 1258 1386 1317 prce·

354 1347 493 1402 sumeret
507 1341 562 1422 (2).

392 1437 474 1498 Nihil
490 1438 527 1500 de
539 1439 695 1499 notissima
714 1438 753 1498 ad
770 1437 932 1499 Ablavium
953 1437 1163 1498 constitutione
1178 1437 1311 1496 diximus
1326 1456 1387 1516 qua

351 1535 389 1596 ad
404 1535 572 1616 episcopato
582 1536 732 1616 judicium
742 1555 848 1596 causas
862 1535 951 1596 etiarn
962 1535 1081 1614 civiles,
1098 1536 1188 1596 etiam
1197 1535 1291 1596 altera
1301 1542 1386 1615 parte

351 1632 456 1712 invita,
482 1634 573 1695 etiam
600 1635 722 1714 paganis
749 1633 951 1712 litigantibus,
978 1633 1190 1694 Constantinus
1214 1633 1386 1694 traduxisse

352 1731 598 1812 deprehenditur.
626 1733 743 1813 Nempe
771 1752 808 1793 ex
834 1732 900 1811 ipsa
926 1751 959 1792 re
988 1732 1182 1811 perspicitur,
1214 1737 1248 1792 ut
1274 1733 1386 1793 Gotho·

353 1829 458 1891 fredus
474 1831 538 1910 jam
562 1833 671 1893 notavit
684 1831 741 1912 (3),
766 1833 865 1910 legem
888 1831 972 1892 illam
991 1832 1038 1891 vel
1062 1831 1157 1891 multo
1187 1831 1385 1910 posteriorem

350 1933 501 2007 tempore,
517 1929 564 1989 vel
579 1929 744 1990 admodum
756 1929 892 2008 spuriam
913 1935 943 1989 et
963 1928 1099 1989 fictitiam
1113 1948 1190 1989 esse.
1207 1929 1296 1989 Esset
1315 1929 1380 2008 pri-

350 2043 437 2083 mum
447 2025 577 2085 mirandi
586 2025 682 2102 locus,
697 2026 779 2105 quod
792 2044 855 2085 suae
865 2025 1047 2086 auctoritatis
1061 2031 1179 2105 partem
1188 2027 1225 2086 iis
1239 2026 1386 2086 Constan-

349 2121 432 2182 tinus
439 2123 649 2201 commisisset,
658 2143 734 2203 quos
741 2143 893 2204 pugnaces
901 2129 930 2184 et
940 2123 1139 2185 contentiosos
1147 2128 1290 2202 expertus
1304 2129 1380 2200 erat,

350 2221 520 2299 praesertim
543 2241 615 2282 cum
639 2221 802 2282 decorum
826 2221 919 2282 rebus
937 2221 1001 2300 ipse
1022 2227 1052 2282 et
1072 2239 1250 2300 cognoscere
1268 2221 1384 2300 ubique

349 2316 440 2377 uellet
461 2324 490 2378 ct
511 2320 683 2380 decernere.
699 2318 740 2379 At
752 2339 788 2380 ea
801 2319 850 2380 tex
867 2324 897 2380 et
911 2319 948 2380 ab
969 2320 1036 2398 ejus
1057 2318 1177 2397 ingenio
1199 2319 1384 2380 alienissima

348 2418 405 2491 est,
427 2433 483 2474 nec
496 2416 589 2494 hujus
600 2415 694 2476 seculi
709 2416 802 2476 fuisse
814 2420 948 2495 apparet,
965 2415 1076 2494 quippe
1090 2433 1158 2495 quae
1178 2434 1297 2491 eorum,
1314 2433 1383 2493 quae

347 2509 495 2572 Arcadius
508 2519 538 2574 et
551 2513 703 2574 Honorius
712 2513 881 2574 christianis
895 2518 997 2592 postea
1011 2518 1234 2591 concesserunt,
1252 2512 1383 2572 modum

348 2627 474 2687 prorsus
496 2612 629 2673 excedat.
649 2611 675 2673 Ii
698 2610 866 2691 principes,
890 2610 922 2670 in
946 2609 1083 2671 civilibus
1110 2610 1234 2689 quidem
1260 2609 1380 2686 causis,
1407 2666 1411 2678 ,

383 2835 419 2900 (ι)
437 2835 562 2887 Praeterea
576 2848 623 2886 nec
643 2840 801 2886 mercaturas
814 2831 943 2884 dominico
957 2832 999 2884 dte
1019 2831 1075 2884 fieri
1087 2833 1269 2885 constantinus
1285 2834 1382 2908 prohi-

352 2920 431 2972 bebat
443 2926 473 2970 ut
486 2919 528 2972 hic
542 2918 633 2971 titulus
646 2917 722 2971 docet
735 2931 742 2966 ι

611 3076 665 3115 rur.
687 3073 760 3114 CARS.
781 3073 825 3112 FL.
845 3071 905 3111 VAL.
927 3071 1122 3112 consranrtnvs

753 3157 838 3196 rsttx.
855 3153 973 3195 traxwls

559 3244 650 3294 AQVAS.
673 3243 754 3285 tASAS.
776 3243 849 3284 ortu.
868 3244 902 3282 u.
924 3241 1002 3282 touls.
1023 3241 1175 3281 consutus
1202 3281 1205 3284 .

518 3330 580 3372 cvl.
614 3328 775 3369 PORTICIBVS.
814 3327 858 3366 ΕΤ.
897 3325 1018 3366 ouuruvs.
1052 3325 1216 3366 ordinatoris

616 3415 659 3454 AD.
681 3414 830 3455 rursrtnu.
850 3413 959 3454 ῈΔΟΙΕΙ.
979 3411 1115 3452 nusrtrvtr

589 3499 752 3542 ruovtston's.
786 3494 889 3540 E'ftffl.¹
912 3497 1039 3540 rturtrts.
1072 3497 1137 3538 svnt

715 3585 849 3625 nvuulttAS.
870 3584 924 3623 utu.
944 3582 1017 3622 sotis

667 3669 787 3710 PERPE’I‘I.
809 3667 886 3708 ΑΝΝΟ.
912 3665 1065 3712 consurrvn·

552 3754 681 3796 cunnum.
708 3753 769 3793 ιιι.
796 3751 948 3792 (ιιιιιιιιιο.
973 3751 998 3790 v.
1023 3750 1064 3789 rr.
1088 3747 1179 3788 suren.

1119 3821 1241 3886 (Onera,
1255 3819 1328 3885 508.)

382 3965 417 4033 (ἲ)
436 3984 449 4013 o
468 3964 571 4016 tnutto
583 3963 669 4029 judice
684 3963 802 4027 praesomt
818 3961 897 4012 debet
911 3965 939 4010 ut
961 3959 1114 4010 auctoritate
1127 3972 1174 4010 stra
1187 3958 1265 4010 terias
1278 3957 1377 4021 aliquas

345 4054 449 4105 condat.
469 4053 521 4102 Nec
534 4049 601 4100 enirn
621 4047 766 4112 imperiales
786 4045 863 4098 terias
877 4045 961 4095 vocari
981 4049 1083 4108 oportet
1100 4057 1166 4109 quas
1184 4043 1375 4095 administrator

343 4139 470 4191 edixerit:
486 4149 515 4186 nc
530 4147 575 4198 per
593 4134 653 4194 hoc,
673 4133 694 4182 st
709 4132 813 4182 nominc
832 4131 985 4191 eximuntur,
1000 4130 1077 4181 ctiam
1094 4127 1180 4181 fructu
1201 4127 1336 4180 carebunt.
1362 4145 1374 4172 ι

341 4220 419 4289 (God.
431 4221 545 4276 rotun,
555 4217 602 4267 nu.
615 4227 654 4279 ιιι,
671 4221 690 4266 ι.
703 4214 748 4276 tt,
760 4205 782 4263 t.
796 4214 833 4274 t.)

378 4307 411 4369 ιι)
431 4306 494 4358 ooo.
510 4303 620 4360 meod..
634 4308 652 4352 t.
665 4301 707 4362 u,
723 4315 749 4364 p.
765 4299 825 4348 oro.
