3054 5046
606 563 746 626 „9-

161 703 313 764 tianorum
334 700 479 762 adversus
498 697 616 780 judicas
636 700 683 762 vel
708 701 807 782 potius
833 700 990 763 carnifices
1017 704 1191 786 constantia,

163 820 256 881 quam
265 799 354 874 multi
368 799 462 860 fidem
474 817 562 860 suam
570 799 602 859 in
618 799 773 863 Christum
783 801 928 880 sanguina
944 819 999 862 suo
1010 803 1108 864 testati
1122 805 1190 866 fue-

161 899 233 976 rint,
253 899 365 979 quibus
387 897 517 977 denique
539 897 694 978 suppliciis
714 899 838 960 invictas
858 899 973 960 animas
999 902 1191 982 projecerint.
1216 971 1219 977 ‚

161 995 228 1058 lam
250 995 419 1058 Eusebium
440 995 657 1057 Caesariensem
677 1016 783 1058 rerum
807 997 1077 1060 ecclesiasticarum
1099 1001 1192 1081 hujus

144 1133 148 1142 «
163 1095 218 1156 aevi
232 1095 409 1173 scriptorem
422 1093 557 1173 perlegat
578 1098 608 1154 et
628 1095 751 1173 antiqua
769 1099 939 1174 martyrum
961 1099 1036 1174 acta,
1056 1097 1193 1177 quisquis

164 1193 363 1272 multiplicem
375 1211 554 1272 pernoscere
568 1193 696 1253 voluerit
709 1193 868 1253 hominum
888 1194 921 1254 in
939 1194 1113 1256 hominibus
1134 1215 1189 1256 ne·
1211 1190 1213 1194 ’

165 1290 266 1351 candia
280 1288 443 1350 solertiam.
463 1289 557 1350 Nobis
577 1289 648 1350 satis
667 1291 725 1351 erit
742 1290 767 1350 si
780 1289 876 1351 obiter
892 1290 1193 1354 animadverterimus

165 1407 258 1468 quam
276 1390 383 1449 mutati
404 1408 439 1449 eo
460 1393 595 1470 tempore
619 1394 719 1451 essent
745 1390 903 1469 gentilium
923 1410 994 1470 erga
1019 1391 1195 1455 christianos

165 1487 267 1548 animi.
286 1487 434 1549 Scilicetii
447 1489 500 1568 qui
509 1493 607 1565 antea,
619 1489 644 1548 si
658 1488 775 1548 Tiberis
789 1494 872 1549 extra
881 1489 962 1569 ripas
972 1489 1192 1570 effunderetur,

165 1589 190 1649 si
202 1594 292 1650 terrae
306 1593 406 1649 motus
419 1588 606 1666 accidissent,
625 1589 650 1648 si
664 1589 767 1649 classis
780 1589 978 1649 frumentaria
994 1588 1098 1650 uentos
1116 1609 1191 1651 con-

163 1687 271 1749 trarios
281 1689 593 1766 passaexpectaretur,
601 1687 691 1766 siqua
699 1688 795 1748 fames
803 1687 934 1768 pestisve
945 1687 1114 1766 saeviret,in
1123 1688 1196 1752 ioris

164 1790 194 1846 et
200 1784 439 1864 amphitheatris,
452 1783 526 1844 tolie
536 1786 643 1845 otheos
652 1785 700 1846 vel
716 1785 907 1845 christianos
922 1785 966 1844 ud
977 1785 1090 1861 leones,
1101 1791 1196 1848 certa-

163 1883 217 1942 tim
229 1881 430 1959 clamitabant,
445 1900 527 1942 nunc
541 1881 746 1943 misericordia
760 1882 844 1959 moti,
860 1882 985 1943 nimiam
1002 1883 1194 1944 dominorum

164 1979 195 2039 in
208 1980 347 2041 homines
361 1980 534 2042 innocentes
544 1986 573 2041 et
584 1981 699 2041 nullius
710 1980 865 2042 domestici
880 1986 932 2042 aut
944 1980 1057 2060 publici
1074 1982 1197 2043 sceleris

165 2083 344 2159 compertoS,
354 2079 496 2140 saevitiam
506 2079 693 2156 incusabant,
708 2098 762 2140 seu
776 2079 895 2159 ingenia
904 2079 1064 2141 hominum
1075 2081 1196 2142 mitiora

165 2182 261 2254 erant,
281 2177 525 2256 humanitasque,
541 2182 581 2254 et,
592 2183 627 2237 ut
640 2177 745 2238 Graeco
758 2177 901 2238 vocabulo
915 2183 994 2256 utar,
1013 2183 1195 2259 Φιλανθρωπία,

98 2277 102 2283 ’
165 2275 248 2354 vulgi
270 2275 385 2336 animos
405 2275 438 2334 in
459 2275 570 2336 melius
591 2279 788 2352 converterat,
815 2293 869 2336 seu
889 2275 998 2356 ingens
1021 2275 1195 2355 periclitan-
1237 2312 1240 2320 ι

166 2373 242 2434 tium
256 2392 405 2434 numerus
419 2374 520 2434 serum
533 2374 642 2452 uulgus
658 2373 838 2438 emolliebat.
858 2373 971 2436 Mutata
986 2375 1019 2434 in
1033 2375 1116 2435 hunc
1129 2395 1197 2436 mo-

167 2470 241 2531 dum
255 2471 366 2531 civium
381 2471 480 2532 studia
492 2472 557 2552 ipsa
567 2471 719 2532 Eusebius
732 2471 813 2531 haud
824 2472 918 2532 semel
932 2475 1013 2532 notat
1023 2471 1068 2554 (1)
1083 2478 1113 2533 et
1125 2473 1199 2534 Acta

167 2574 335 2648 martyrum
353 2570 565 2650 praecipueque
578 2569 705 2632 Tarachi
728 2571 758 2630 et
775 2569 854 2648 ejus·
867 2568 1019 2632 sociorum
1035 2570 1124 2650 plane
1140 2571 1195 2631 da-

168 2667 347 2750 clarant(2).
638 2671 639 2674 ’

206 2767 271 2829 Nec
289 2774 406 2830 tantum
422 2769 454 2828 in
470 2767 648 2829 christianos
664 2766 693 2829 vi
710 2773 813 2849 aperta
829 2768 965 2831 saevitum
982 2773 1036 2830 est.
1057 2766 1108 2846 At,
1128 2771 1197 2829 tan-

168 2884 260 2945 quam
274 2868 378 2947 populi
391 2865 628 2927 misericordiam
641 2871 670 2927 et
679 2885 840 2929 murmura
853 2869 1052 2947 restinguere,
1062 2870 1092 2927 et
1099 2865 1198 2946 ipsam

167 2963 314 3025 infamare
338 2963 514 3040 doctrinam,
541 2962 617 3022 dum
649 2961 792 3022 doctrinae
814 2968 1016 3045 assectatores
1044 2963 1199 3044 suppliciis

169 3063 380 3141 obruerentur,
396 3081 472 3143 opus
485 3079 551 3122 esse
562 3062 718 3139 ducerent,
734 3061 906 3142 philosophi
919 3061 1031 3142 reperti
1047 3062 1101 3142 qui
1114 3066 1197 3123 uete-

160 3178 218 3221 'res
237 3160 313 3221 ritus
330 3165 488 3221 tuerentur
501 3164 531 3220 et
545 3158 778 3220 christianorum
794 3160 946 3239 doctrinae,
962 3161 1045 3221 velut
1067 3160 1201 3222 anilibus

168 3258 299 3339 ineptiis,
315 3258 477 3320 illuderent
489 3256 552 3339 (3),
569 3257 651 3318 falsis
664 3257 790 3338 insuper
805 3258 912 3320 additis
927 3259 964 3320 de
977 3264 1075 3320 morte
1088 3259 1200 3320 Christi

169 3355 402 3436 commentariis,
412 3355 523 3436 quibus
532 3355 592 3417 vita
602 3360 632 3416 et
642 3355 789 3418 memoria
798 3354 968 3418 christianae
978 3355 1121 3418 doctrinae
1132 3374 1201 3416 con-

200 3560 236 3628 (i)
254 3561 362 3624 Euesa,
377 3563 416 3612 Da
429 3563 516 3617 Mart.
531 3562 643 3622 Pateat,
659 3559 701 3613 ch.
716 3561 741 3613 9.

202 3643 237 3712 (2)
257 3664 270 3692 a
289 3646 319 3696 Et
334 3659 393 3696 crim
407 3645 674 3708 introductiiuissent,
688 3646 715 3696 in
730 3644 815 3697 medio
828 3644 1007 3710 amphitheatri
1021 3643 1130 3710 proiecti
1143 3650 1204 3697 sunt

169 3732 285 3784 etractus
298 3737 337 3783 est
349 3732 425 3783 timor
439 3745 546 3796 magnus
558 3738 585 3783 et
598 3745 713 3782 murmur
727 3731 814 3796 populi
826 3733 965 3784 dicentium
979 3747 986 3782 :
1001 3730 1112 3795 injustus
1122 3732 1201 3796 iudex

126 3811 129 3816 '
169 3815 213 3880 qui
225 3817 263 3868 sic
274 3815 408 3881 judicavit.
424 3815 485 3866 Nam
500 3823 527 3867 et
540 3815 614 3866 multi
627 3817 803 3880 spectaculum
817 3817 969 3869 dinriserunt
987 3822 1064 3881 atque
1082 3821 1208 3868 contem-¹
1248 3835 1250 3838 ·

168 3911 258 3956 nautas
271 3905 352 3964 ibant,
367 3908 555 3955 murmurantes
572 3904 694 3956 adversus
707 3906 843 3957 Maximum
852 3904 1019 3974 (presidem).
1035 3923 1048 3952 o
1062 3905 1200 3969 (Ruinam,

168 3991 235 4040 Acta
248 3991 407 4052 Martyrum
422 3991 529 4040 sincera
544 3993 568 4039 at
582 3991 685 4049 selecta,
700 4004 725 4054 p.
742 3989 814 4054 tte.)
876 4043 877 4048 .

200 4072 236 4139 (a)
253 4073 308 4124 Duo
320 4073 466 4137 philosophi
476 4071 570 4136 scripta
581 4085 613 4123 eo
627 4078 743 4136 ternpore
755 4074 877 4126 adversus
891 4072 1044 4124 christianos
1055 4070 1201 4132 ediderunt,

169 4173 277 4225 quorum
291 4159 357 4211 altar
369 4160 473 4225 ignotus
486 4165 536 4221 est,
551 4159 614 4210 altar
626 4159 756 4212 llierocles
770 4161 873 4211 nomine
885 4159 1007 4224 Bithyniae
1020 4158 1079 4209 dein
1089 4155 1202 4206 alexau-

168 4239 384 4310 driae‘praefoctus
395 4251 424 4297 ut
435 4245 582 4297 Lactantius
593 4244 672 4296 reiert
685 4247 733 4309 (Da
743 4249 823 4297 mort.
834 4247 973 4310 perseam„
983 4243 1025 4294 cb.
1037 4239 1079 4307 aa)
1091 4253 1099 4289 ε
1114 4257 1127 4284 «
1138 4241 1204 4290 huc·

169 4336 210 4380 tor
224 4336 250 4381 et
264 4330 426 4382 consiiiarius
439 4331 472 4382 ad
486 4329 627 4382 faciendam
640 4333 846 4396 persecutionem
859 4329 915 4381 fuit.
929 4347 943 4375 o
960 4329 1030 4380 illius
1044 4324 1201 4380 mentionem
