<?xml version="1.0" encoding="UTF-8"?>
<!DOCTYPE html PUBLIC "-//W3C//DTD XHTML 1.0 Transitional//EN"
    "http://www.w3.org/TR/xhtml1/DTD/xhtml1-transitional.dtd">
<html xmlns="http://www.w3.org/1999/xhtml" xml:lang="en" lang="en">
 <head>
  <title>
</title>
<meta http-equiv="Content-Type" content="text/html;charset=utf-8" />
  <meta name='ocr-system' content='tesseract 3.04.00' />
  <meta name='ocr-capabilities' content='ocr_page ocr_carea ocr_par ocr_line ocrx_word'/>
</head>
<body>
  <div class='ocr_page' id='page_1' title='image "./deconstantinoim00aubgoog_0039.png"; bbox 0 0 3054 5046; ppageno 0'>
   <div class='ocr_carea' id='block_1_1' title="bbox 763 525 924 590">
    <p class='ocr_par' dir='ltr' id='par_1_1' title="bbox 763 525 924 590">
     <span class='ocr_line' id='line_1_1' title="bbox 763 525 924 590; baseline 0 -16"><span class='ocrx_word' id='word_1_1' title='bbox 763 525 924 590; x_wconf 80' lang='lat'><strong>-30-</strong></span> 
     </span>
    </p>
   </div>
   <div class='ocr_carea' id='block_1_2' title="bbox 326 659 1401 2016">
    <p class='ocr_par' dir='ltr' id='par_1_2' title="bbox 326 659 1356 1135">
     <span class='ocr_line' id='line_1_2' title="bbox 326 659 1352 743; baseline 0.001 -21"><span class='ocrx_word' id='word_1_2' title='bbox 326 659 440 730; x_wconf 75' lang='lat' dir='ltr'>Patres</span> <span class='ocrx_word' id='word_1_3' title='bbox 462 660 634 724; x_wconf 69' lang='lat' dir='ltr'>narrabant</span> <span class='ocrx_word' id='word_1_4' title='bbox 653 659 720 743; x_wconf 87' lang='lat' dir='ltr'>(t);</span> <span class='ocrx_word' id='word_1_5' title='bbox 742 679 849 724; x_wconf 89' lang='lat' dir='ltr'>arcum</span> <span class='ocrx_word' id='word_1_6' title='bbox 873 659 1089 738; x_wconf 82' lang='lat' dir='ltr'>triumphalem</span> <span class='ocrx_word' id='word_1_7' title='bbox 1115 659 1239 739; x_wconf 81' lang='lat' dir='ltr'>paganis</span> <span class='ocrx_word' id='word_1_8' title='bbox 1264 680 1352 724; x_wconf 81' lang='lat' dir='ltr'>ame·</span> 
     </span>
     <span class='ocr_line' id='line_1_3' title="bbox 327 755 1356 838; baseline 0 -18"><span class='ocrx_word' id='word_1_9' title='bbox 327 760 438 823; x_wconf 87' lang='lat' dir='ltr'>mentis</span> <span class='ocrx_word' id='word_1_10' title='bbox 450 759 623 822; x_wconf 88' lang='lat' dir='ltr'>decoratum</span> <span class='ocrx_word' id='word_1_11' title='bbox 641 759 828 822; x_wconf 84' lang='lat' dir='ltr'>aedificabant</span> <span class='ocrx_word' id='word_1_12' title='bbox 840 778 848 834; x_wconf 91' lang='lat'>;</span> <span class='ocrx_word' id='word_1_13' title='bbox 865 764 1009 838; x_wconf 73' lang='lat' dir='ltr'>preterea</span> <span class='ocrx_word' id='word_1_14' title='bbox 1023 755 1146 821; x_wconf 74' lang='lat' dir='ltr'>statae</span> <span class='ocrx_word' id='word_1_15' title='bbox 1159 777 1199 820; x_wconf 78' lang='lat' dir='ltr'>ea</span> <span class='ocrx_word' id='word_1_16' title='bbox 1214 778 1295 824; x_wconf 79' lang='lat' dir='ltr'>auro</span> <span class='ocrx_word' id='word_1_17' title='bbox 1309 761 1356 824; x_wconf 86' lang='lat' dir='ltr'>vel</span> 
     </span>
     <span class='ocr_line' id='line_1_4' title="bbox 328 856 1355 938; baseline 0.003 -22"><span class='ocrx_word' id='word_1_18' title='bbox 328 865 486 936; x_wconf 74' lang='lat' dir='ltr'>arqenteae</span> <span class='ocrx_word' id='word_1_19' title='bbox 510 858 584 920; x_wconf 84' lang='lat' dir='ltr'>loeis</span> <span class='ocrx_word' id='word_1_20' title='bbox 606 878 705 936; x_wconf 81' lang='lat' dir='ltr'>quam</span> <span class='ocrx_word' id='word_1_21' title='bbox 732 859 943 919; x_wconf 81' lang='lat' dir='ltr'><em>celeberrimis</em></span> <span class='ocrx_word' id='word_1_22' title='bbox 975 856 1114 917; x_wconf 78' lang='lat' dir='ltr'>Nemini</span> <span class='ocrx_word' id='word_1_23' title='bbox 1149 857 1355 938; x_wconf 87' lang='lat' dir='ltr'>Majestatique</span> 
     </span>
     <span class='ocr_line' id='line_1_5' title="bbox 326 953 1356 1034; baseline 0.002 -20"><span class='ocrx_word' id='word_1_24' title='bbox 326 955 480 1034; x_wconf 86' lang='lat' dir='ltr'>principis,</span> <span class='ocrx_word' id='word_1_25' title='bbox 495 961 530 1016; x_wconf 85' lang='lat' dir='ltr'>ut</span> <span class='ocrx_word' id='word_1_26' title='bbox 541 956 665 1016; x_wconf 81' lang='lat' dir='ltr'>inscribi</span> <span class='ocrx_word' id='word_1_27' title='bbox 679 955 803 1032; x_wconf 80' lang='lat' dir='ltr'>solebat,</span> <span class='ocrx_word' id='word_1_28' title='bbox 820 955 935 1033; x_wconf 72' lang='lat' dir='ltr'>diesim,</span> <span class='ocrx_word' id='word_1_29' title='bbox 950 959 980 1015; x_wconf 92' lang='lat' dir='ltr'>et</span> <span class='ocrx_word' id='word_1_30' title='bbox 994 973 1010 1016; x_wconf 76' lang='lat' dir='ltr'><em>e</em></span> <span class='ocrx_word' id='word_1_31' title='bbox 1026 953 1356 1034; x_wconf 79' lang='lat' dir='ltr'>PerAfrieamaacer·</span> 
     </span>
     <span class='ocr_line' id='line_1_6' title="bbox 327 1052 1043 1135; baseline -0.006 -17"><span class='ocrx_word' id='word_1_32' title='bbox 327 1054 450 1118; x_wconf 79' lang='lat' dir='ltr'>dotium</span> <span class='ocrx_word' id='word_1_33' title='bbox 463 1055 587 1116; x_wconf 74' lang='lat' dir='ltr'>Flauiae</span> <span class='ocrx_word' id='word_1_34' title='bbox 600 1058 687 1134; x_wconf 75' lang='lat' dir='ltr'>penti</span> <span class='ocrx_word' id='word_1_35' title='bbox 702 1076 717 1116; x_wconf 79' lang='lat' dir='ltr'>a</span> <span class='ocrx_word' id='word_1_36' title='bbox 734 1054 975 1116; x_wconf 83' lang='lat' dir='ltr'><em>decernebantur</em></span> <span class='ocrx_word' id='word_1_37' title='bbox 987 1052 1043 1135; x_wconf 78' lang='lat'>(2).</span> 
     </span>
    </p>

    <p class='ocr_par' dir='ltr' id='par_1_3' title="bbox 326 1152 1401 2016">
     <span class='ocr_line' id='line_1_7' title="bbox 367 1152 1357 1232; baseline 0.003 -20"><span class='ocrx_word' id='word_1_38' title='bbox 367 1153 435 1215; x_wconf 94' lang='lat' dir='ltr'>Non</span> <span class='ocrx_word' id='word_1_39' title='bbox 447 1159 562 1216; x_wconf 84' lang='lat' dir='ltr'>temere</span> <span class='ocrx_word' id='word_1_40' title='bbox 577 1153 669 1232; x_wconf 83' lang='lat' dir='ltr'>igitur</span> <span class='ocrx_word' id='word_1_41' title='bbox 683 1154 753 1214; x_wconf 89' lang='lat' dir='ltr'>inde</span> <span class='ocrx_word' id='word_1_42' title='bbox 768 1153 866 1231; x_wconf 82' lang='lat' dir='ltr'>colligi</span> <span class='ocrx_word' id='word_1_43' title='bbox 883 1158 989 1232; x_wconf 89' lang='lat' dir='ltr'>potest,</span> <span class='ocrx_word' id='word_1_44' title='bbox 1006 1152 1190 1214; x_wconf 78' lang='lat' dir='ltr'>Constantini</span> <span class='ocrx_word' id='word_1_45' title='bbox 1204 1153 1357 1216; x_wconf 80' lang='lat' dir='ltr'>victoriam</span> 
     </span>
     <span class='ocr_line' id='line_1_8' title="bbox 327 1249 1357 1330; baseline 0 -18"><span class='ocrx_word' id='word_1_46' title='bbox 327 1269 345 1312; x_wconf 89' lang='lat' dir='ltr'>a</span> <span class='ocrx_word' id='word_1_47' title='bbox 358 1250 527 1315; x_wconf 85' lang='lat' dir='ltr'>christianis</span> <span class='ocrx_word' id='word_1_48' title='bbox 540 1255 570 1312; x_wconf 89' lang='lat' dir='ltr'>et</span> <span class='ocrx_word' id='word_1_49' title='bbox 583 1250 756 1330; x_wconf 78' lang='lat' dir='ltr'>gentilibus,</span> <span class='ocrx_word' id='word_1_50' title='bbox 772 1249 854 1310; x_wconf 88' lang='lat' dir='ltr'>velut</span> <span class='ocrx_word' id='word_1_51' title='bbox 870 1249 908 1312; x_wconf 87' lang='lat' dir='ltr'>ab</span> <span class='ocrx_word' id='word_1_52' title='bbox 921 1249 1095 1310; x_wconf 88' lang='lat' dir='ltr'>hominibus</span> <span class='ocrx_word' id='word_1_53' title='bbox 1108 1249 1262 1310; x_wconf 91' lang='lat' dir='ltr'>communi</span> <span class='ocrx_word' id='word_1_54' title='bbox 1275 1255 1357 1330; x_wconf 83' lang='lat' dir='ltr'>peste</span> 
     </span>
     <span class='ocr_line' id='line_1_9' title="bbox 327 1347 1358 1428; baseline 0 -20"><span class='ocrx_word' id='word_1_55' title='bbox 327 1347 471 1427; x_wconf 89' lang='lat' dir='ltr'>liberatis,</span> <span class='ocrx_word' id='word_1_56' title='bbox 486 1347 551 1428; x_wconf 87' lang='lat' dir='ltr'>pari</span> <span class='ocrx_word' id='word_1_57' title='bbox 563 1348 671 1427; x_wconf 82' lang='lat' dir='ltr'>gaudio</span> <span class='ocrx_word' id='word_1_58' title='bbox 685 1353 852 1427; x_wconf 84' lang='lat' dir='ltr'>exceptam,</span> <span class='ocrx_word' id='word_1_59' title='bbox 868 1365 925 1408; x_wconf 90' lang='lat' dir='ltr'>nec</span> <span class='ocrx_word' id='word_1_60' title='bbox 942 1347 1174 1408; x_wconf 88' lang='lat' dir='ltr'>christianorum</span> <span class='ocrx_word' id='word_1_61' title='bbox 1196 1347 1289 1408; x_wconf 84' lang='lat' dir='ltr'>luisse</span> <span class='ocrx_word' id='word_1_62' title='bbox 1303 1365 1358 1410; x_wconf 86' lang='lat' dir='ltr'>nec</span> 
     </span>
     <span class='ocr_line' id='line_1_10' title="bbox 327 1445 1358 1526; baseline 0.002 -20"><span class='ocrx_word' id='word_1_63' title='bbox 327 1447 499 1526; x_wconf 75' lang='lat' dir='ltr'>gentilium,</span> <span class='ocrx_word' id='word_1_64' title='bbox 513 1447 632 1510; x_wconf 86' lang='lat' dir='ltr'>tametsi</span> <span class='ocrx_word' id='word_1_65' title='bbox 649 1447 829 1525; x_wconf 61' lang='lat' dir='ltr'>christianis</span> <span class='ocrx_word' id='word_1_66' title='bbox 845 1447 985 1526; x_wconf 83' lang='lat' dir='ltr'>perhanc</span> <span class='ocrx_word' id='word_1_67' title='bbox 1002 1446 1049 1506; x_wconf 88' lang='lat' dir='ltr'>sui</span> <span class='ocrx_word' id='word_1_68' title='bbox 1059 1445 1138 1525; x_wconf 86' lang='lat' dir='ltr'>juris</span> <span class='ocrx_word' id='word_1_69' title='bbox 1155 1446 1251 1522; x_wconf 81' lang='lat' dir='ltr'>iactis,</span> <span class='ocrx_word' id='word_1_70' title='bbox 1263 1446 1358 1508; x_wconf 86' lang='lat' dir='ltr'>multo</span> 
     </span>
     <span class='ocr_line' id='line_1_11' title="bbox 326 1542 1356 1625; baseline -0.001 -19"><span class='ocrx_word' id='word_1_71' title='bbox 326 1545 584 1606; x_wconf 87' lang='lat' dir='ltr'>commodiorem:</span> <span class='ocrx_word' id='word_1_72' title='bbox 604 1545 710 1625; x_wconf 85' lang='lat' dir='ltr'><em>Neque</em></span> <span class='ocrx_word' id='word_1_73' title='bbox 728 1545 817 1606; x_wconf 86' lang='lat' dir='ltr'>etiam</span> <span class='ocrx_word' id='word_1_74' title='bbox 834 1545 866 1605; x_wconf 92' lang='lat' dir='ltr'>in</span> <span class='ocrx_word' id='word_1_75' title='bbox 886 1545 943 1606; x_wconf 88' lang='lat' dir='ltr'>hoc</span> <span class='ocrx_word' id='word_1_76' title='bbox 962 1544 1042 1606; x_wconf 90' lang='lat' dir='ltr'>bello</span> <span class='ocrx_word' id='word_1_77' title='bbox 1060 1545 1097 1604; x_wconf 92' lang='lat' dir='ltr'>de</span> <span class='ocrx_word' id='word_1_78' title='bbox 1118 1545 1263 1606; x_wconf 85' lang='lat' dir='ltr'>alterutra</span> <span class='ocrx_word' id='word_1_79' title='bbox 1282 1542 1356 1606; x_wconf 89' lang='lat' dir='ltr'>reli·</span> 
     </span>
     <span class='ocr_line' id='line_1_12' title="bbox 327 1641 1359 1724; baseline 0 -20"><span class='ocrx_word' id='word_1_80' title='bbox 327 1644 413 1723; x_wconf 76' lang='lat' dir='ltr'>gione</span> <span class='ocrx_word' id='word_1_81' title='bbox 427 1645 520 1706; x_wconf 87' lang='lat' dir='ltr'>fuisse</span> <span class='ocrx_word' id='word_1_82' title='bbox 537 1644 745 1724; x_wconf 85' lang='lat' dir='ltr'>disceptatum,</span> <span class='ocrx_word' id='word_1_83' title='bbox 761 1663 817 1704; x_wconf 91' lang='lat' dir='ltr'>nec</span> <span class='ocrx_word' id='word_1_84' title='bbox 830 1648 928 1704; x_wconf 88' lang='lat' dir='ltr'>vetera</span> <span class='ocrx_word' id='word_1_85' title='bbox 945 1662 1028 1704; x_wconf 87' lang='lat' dir='ltr'>sacra</span> <span class='ocrx_word' id='word_1_86' title='bbox 1041 1662 1112 1704; x_wconf 89' lang='lat' dir='ltr'>cum</span> <span class='ocrx_word' id='word_1_87' title='bbox 1125 1641 1274 1703; x_wconf 82' lang='lat' dir='ltr'>Maxentio</span> <span class='ocrx_word' id='word_1_88' title='bbox 1283 1641 1359 1704; x_wconf 87' lang='lat' dir='ltr'>victa</span> 
     </span>
     <span class='ocr_line' id='line_1_13' title="bbox 327 1739 1401 1817; baseline -0.001 -16"><span class='ocrx_word' id='word_1_89' title='bbox 327 1741 431 1804; x_wconf 83' lang='lat' dir='ltr'>tuisse.</span> <span class='ocrx_word' id='word_1_90' title='bbox 456 1742 609 1802; x_wconf 87' lang='lat' dir='ltr'>Nimirum</span> <span class='ocrx_word' id='word_1_91' title='bbox 628 1747 732 1803; x_wconf 78' lang='lat' dir='ltr'>statum</span> <span class='ocrx_word' id='word_1_92' title='bbox 746 1747 776 1801; x_wconf 93' lang='lat' dir='ltr'>et</span> <span class='ocrx_word' id='word_1_93' title='bbox 789 1741 858 1802; x_wconf 88' lang='lat' dir='ltr'>fana</span> <span class='ocrx_word' id='word_1_94' title='bbox 870 1745 900 1800; x_wconf 90' lang='lat' dir='ltr'>et</span> <span class='ocrx_word' id='word_1_95' title='bbox 917 1739 1106 1801; x_wconf 84' lang='lat' dir='ltr'>sacerdotum</span> <span class='ocrx_word' id='word_1_96' title='bbox 1121 1739 1245 1817; x_wconf 82' lang='lat' dir='ltr'>collegia</span> <span class='ocrx_word' id='word_1_97' title='bbox 1259 1739 1356 1800; x_wconf 84' lang='lat' dir='ltr'>Cons-</span> <span class='ocrx_word' id='word_1_98' title='bbox 1400 1758 1401 1761; x_wconf 69' lang='grc'>’</span> 
     </span>
     <span class='ocr_line' id='line_1_14' title="bbox 327 1836 1355 1917; baseline -0.006 -15"><span class='ocrx_word' id='word_1_99' title='bbox 327 1840 440 1902; x_wconf 77' lang='lat' dir='ltr'>tanhrm</span> <span class='ocrx_word' id='word_1_100' title='bbox 452 1859 513 1901; x_wconf 91' lang='lat' dir='ltr'>non</span> <span class='ocrx_word' id='word_1_101' title='bbox 527 1840 624 1901; x_wconf 91' lang='lat' dir='ltr'>delata</span> <span class='ocrx_word' id='word_1_102' title='bbox 636 1840 773 1916; x_wconf 86' lang='lat' dir='ltr'>luissent,</span> <span class='ocrx_word' id='word_1_103' title='bbox 786 1838 1027 1917; x_wconf 78' lang='lat' dir='ltr'>sicognovissent</span> <span class='ocrx_word' id='word_1_104' title='bbox 1036 1837 1175 1898; x_wconf 89' lang='lat' dir='ltr'>homines</span> <span class='ocrx_word' id='word_1_105' title='bbox 1192 1837 1265 1898; x_wconf 86' lang='lat' dir='ltr'>artis</span> <span class='ocrx_word' id='word_1_106' title='bbox 1279 1836 1355 1897; x_wconf 87' lang='lat' dir='ltr'>adu·</span> 
     </span>
     <span class='ocr_line' id='line_1_15' title="bbox 326 1935 1359 2016; baseline -0.001 -20"><span class='ocrx_word' id='word_1_107' title='bbox 326 1935 439 1998; x_wconf 87' lang='lat' dir='ltr'>latoriae</span> <span class='ocrx_word' id='word_1_108' title='bbox 453 1937 636 2016; x_wconf 84' lang='lat' dir='ltr'>peritissimi,</span> <span class='ocrx_word' id='word_1_109' title='bbox 660 1937 760 1998; x_wconf 87' lang='lat' dir='ltr'>omnia</span> <span class='ocrx_word' id='word_1_110' title='bbox 781 1939 846 1998; x_wconf 85' lang='lat' dir='ltr'>haec</span> <span class='ocrx_word' id='word_1_111' title='bbox 868 1936 970 1997; x_wconf 88' lang='lat' dir='ltr'>victori</span> <span class='ocrx_word' id='word_1_112' title='bbox 984 1935 1184 2015; x_wconf 82' lang='lat' dir='ltr'>ingratissima</span> <span class='ocrx_word' id='word_1_113' title='bbox 1198 1936 1282 2009; x_wconf 81' lang='lat' dir='ltr'>fore3</span> <span class='ocrx_word' id='word_1_114' title='bbox 1304 1953 1359 1996; x_wconf 88' lang='lat' dir='ltr'>nec</span> 
     </span>
    </p>
   </div>
   <div class='ocr_carea' id='block_1_3' title="bbox 327 2033 1481 2114">
    <p class='ocr_par' dir='ltr' id='par_1_4' title="bbox 327 2033 1481 2114">
     <span class='ocr_line' id='line_1_16' title="bbox 327 2033 1481 2114; baseline 0 -20"><span class='ocrx_word' id='word_1_115' title='bbox 327 2034 467 2095; x_wconf 88' lang='lat' dir='ltr'>laudibus</span> <span class='ocrx_word' id='word_1_116' title='bbox 480 2035 578 2097; x_wconf 91' lang='lat' dir='ltr'>omnis</span> <span class='ocrx_word' id='word_1_117' title='bbox 590 2035 708 2114; x_wconf 83' lang='lat' dir='ltr'>generis</span> <span class='ocrx_word' id='word_1_118' title='bbox 721 2040 806 2096; x_wconf 85' lang='lat' dir='ltr'>aucta</span> <span class='ocrx_word' id='word_1_119' title='bbox 820 2039 849 2095; x_wconf 89' lang='lat' dir='ltr'>et</span> <span class='ocrx_word' id='word_1_120' title='bbox 863 2034 1011 2095; x_wconf 88' lang='lat' dir='ltr'>celebrata</span> <span class='ocrx_word' id='word_1_121' title='bbox 1024 2034 1129 2095; x_wconf 80' lang='lat' dir='ltr'>luisset</span> <span class='ocrx_word' id='word_1_122' title='bbox 1139 2033 1282 2114; x_wconf 87' lang='lat' dir='ltr'>principis</span> <span class='ocrx_word' id='word_1_123' title='bbox 1297 2033 1358 2113; x_wconf 85' lang='lat' dir='ltr'>pie·</span> <span class='ocrx_word' id='word_1_124' title='bbox 1475 2069 1481 2078; x_wconf 94' lang='lat'><strong>·</strong></span> 
     </span>
    </p>
   </div>
   <div class='ocr_carea' id='block_1_4' title="bbox 326 2133 1414 3006">
    <p class='ocr_par' dir='ltr' id='par_1_5' title="bbox 326 2133 1414 2603">
     <span class='ocr_line' id='line_1_17' title="bbox 326 2133 1357 2213; baseline -0.002 -19"><span class='ocrx_word' id='word_1_125' title='bbox 326 2138 372 2194; x_wconf 87' lang='lat' dir='ltr'>tas</span> <span class='ocrx_word' id='word_1_126' title='bbox 386 2151 478 2212; x_wconf 88' lang='lat' dir='ltr'>quern</span> <span class='ocrx_word' id='word_1_127' title='bbox 494 2134 588 2196; x_wconf 83' lang='lat' dir='ltr'>esuis</span> <span class='ocrx_word' id='word_1_128' title='bbox 603 2134 798 2213; x_wconf 84' lang='lat' dir='ltr'>religionibus</span> <span class='ocrx_word' id='word_1_129' title='bbox 813 2133 977 2194; x_wconf 85' lang='lat' dir='ltr'>sensissent</span> <span class='ocrx_word' id='word_1_130' title='bbox 989 2133 1133 2194; x_wconf 89' lang='lat' dir='ltr'>alienum.</span> <span class='ocrx_word' id='word_1_131' title='bbox 1149 2133 1243 2194; x_wconf 91' lang='lat' dir='ltr'>Paulo</span> <span class='ocrx_word' id='word_1_132' title='bbox 1255 2137 1357 2193; x_wconf 85' lang='lat' dir='ltr'>autem</span> 
     </span>
     <span class='ocr_line' id='line_1_18' title="bbox 328 2225 1356 2310; baseline -0.002 -18"><span class='ocrx_word' id='word_1_133' title='bbox 328 2230 468 2292; x_wconf 86' lang='lat' dir='ltr'>subtilius</span> <span class='ocrx_word' id='word_1_134' title='bbox 477 2250 566 2309; x_wconf 81' lang='lat' dir='ltr'>agere</span> <span class='ocrx_word' id='word_1_135' title='bbox 575 2231 693 2293; x_wconf 84' lang='lat' dir='ltr'>uidetur</span> <span class='ocrx_word' id='word_1_136' title='bbox 702 2232 755 2310; x_wconf 93' lang='lat' dir='ltr'>qui</span> <span class='ocrx_word' id='word_1_137' title='bbox 765 2225 865 2292; x_wconf 81' lang='lat' dir='ltr'>sacros</span> <span class='ocrx_word' id='word_1_138' title='bbox 879 2232 1007 2292; x_wconf 89' lang='lat' dir='ltr'>honores</span> <span class='ocrx_word' id='word_1_139' title='bbox 1022 2231 1214 2292; x_wconf 85' lang='lat' dir='ltr'>Constantino</span> <span class='ocrx_word' id='word_1_140' title='bbox 1227 2249 1244 2291; x_wconf 87' lang='lat' dir='ltr'>a</span> <span class='ocrx_word' id='word_1_141' title='bbox 1258 2229 1356 2309; x_wconf 83' lang='lat' dir='ltr'>genti·</span> 
     </span>
     <span class='ocr_line' id='line_1_19' title="bbox 327 2327 1356 2409; baseline -0.004 -14"><span class='ocrx_word' id='word_1_142' title='bbox 327 2328 408 2394; x_wconf 89' lang='lat' dir='ltr'>libus</span> <span class='ocrx_word' id='word_1_143' title='bbox 422 2329 534 2392; x_wconf 87' lang='lat' dir='ltr'>delatos</span> <span class='ocrx_word' id='word_1_144' title='bbox 547 2334 630 2409; x_wconf 86' lang='lat' dir='ltr'>putet</span> <span class='ocrx_word' id='word_1_145' title='bbox 646 2349 682 2392; x_wconf 88' lang='lat' dir='ltr'>ea</span> <span class='ocrx_word' id='word_1_146' title='bbox 696 2335 808 2408; x_wconf 86' lang='lat' dir='ltr'>mente,</span> <span class='ocrx_word' id='word_1_147' title='bbox 823 2336 857 2391; x_wconf 90' lang='lat' dir='ltr'>ut</span> <span class='ocrx_word' id='word_1_148' title='bbox 871 2347 943 2391; x_wconf 92' lang='lat' dir='ltr'>eum</span> <span class='ocrx_word' id='word_1_149' title='bbox 959 2329 1046 2408; x_wconf 84' lang='lat' dir='ltr'>quasi</span> <span class='ocrx_word' id='word_1_150' title='bbox 1063 2329 1179 2408; x_wconf 86' lang='lat' dir='ltr'>laqueis</span> <span class='ocrx_word' id='word_1_151' title='bbox 1190 2327 1356 2404; x_wconf 85' lang='lat' dir='ltr'>irretirent,</span> 
     </span>
     <span class='ocr_line' id='line_1_20' title="bbox 327 2423 1414 2506; baseline -0.006 -15"><span class='ocrx_word' id='word_1_152' title='bbox 327 2424 536 2506; x_wconf 79' lang='lat' dir='ltr'>incertumque</span> <span class='ocrx_word' id='word_1_153' title='bbox 559 2445 593 2488; x_wconf 84' lang='lat' dir='ltr'>ac</span> <span class='ocrx_word' id='word_1_154' title='bbox 617 2427 682 2506; x_wconf 82' lang='lat' dir='ltr'>jam</span> <span class='ocrx_word' id='word_1_155' title='bbox 700 2426 890 2488; x_wconf 85' lang='lat' dir='ltr'>deiicientem</span> <span class='ocrx_word' id='word_1_156' title='bbox 912 2446 930 2488; x_wconf 88' lang='lat' dir='ltr'>a</span> <span class='ocrx_word' id='word_1_157' title='bbox 953 2426 1045 2488; x_wconf 87' lang='lat' dir='ltr'>sacris</span> <span class='ocrx_word' id='word_1_158' title='bbox 1061 2425 1205 2487; x_wconf 86' lang='lat' dir='ltr'>institutis</span> <span class='ocrx_word' id='word_1_159' title='bbox 1223 2423 1359 2488; x_wconf 86' lang='lat' dir='ltr'>animum</span> <span class='ocrx_word' id='word_1_160' title='bbox 1410 2440 1414 2449; x_wconf 87' lang='grc'><em>’</em></span> 
     </span>
     <span class='ocr_line' id='line_1_21' title="bbox 327 2522 837 2603; baseline -0.012 -11"><span class='ocrx_word' id='word_1_161' title='bbox 327 2522 493 2603; x_wconf 76' lang='lat' dir='ltr'>obligarent</span> <span class='ocrx_word' id='word_1_162' title='bbox 505 2525 582 2586; x_wconf 89' lang='lat' dir='ltr'>etad</span> <span class='ocrx_word' id='word_1_163' title='bbox 593 2543 624 2586; x_wconf 87' lang='lat' dir='ltr'>se</span> <span class='ocrx_word' id='word_1_164' title='bbox 638 2526 837 2588; x_wconf 84' lang='lat' dir='ltr'>retraherent.</span> 
     </span>
    </p>

    <p class='ocr_par' dir='ltr' id='par_1_6' title="bbox 327 2619 1394 3006">
     <span class='ocr_line' id='line_1_22' title="bbox 367 2619 1355 2702; baseline -0.002 -20"><span class='ocrx_word' id='word_1_165' title='bbox 367 2621 397 2685; x_wconf 90' lang='lat' dir='ltr'>Is</span> <span class='ocrx_word' id='word_1_166' title='bbox 408 2622 489 2685; x_wconf 89' lang='lat' dir='ltr'>enim</span> <span class='ocrx_word' id='word_1_167' title='bbox 500 2643 593 2702; x_wconf 90' lang='lat' dir='ltr'>quem</span> <span class='ocrx_word' id='word_1_168' title='bbox 603 2642 687 2685; x_wconf 88' lang='lat' dir='ltr'>more</span> <span class='ocrx_word' id='word_1_169' title='bbox 701 2622 794 2684; x_wconf 84' lang='lat' dir='ltr'>veteri</span> <span class='ocrx_word' id='word_1_170' title='bbox 804 2621 940 2684; x_wconf 86' lang='lat' dir='ltr'>colebant</span> <span class='ocrx_word' id='word_1_171' title='bbox 948 2621 1116 2700; x_wconf 84' lang='lat' dir='ltr'>divinisque</span> <span class='ocrx_word' id='word_1_172' title='bbox 1125 2619 1295 2684; x_wconf 85' lang='lat' dir='ltr'>afficiebant</span> <span class='ocrx_word' id='word_1_173' title='bbox 1303 2620 1355 2683; x_wconf 80' lang='lat' dir='ltr'>ho-</span> 
     </span>
     <span class='ocr_line' id='line_1_23' title="bbox 327 2716 1394 2800; baseline -0.007 -16"><span class='ocrx_word' id='word_1_174' title='bbox 327 2721 572 2799; x_wconf 85' lang='lat' dir='ltr'>noribus‚nonne</span> <span class='ocrx_word' id='word_1_175' title='bbox 584 2721 666 2784; x_wconf 92' lang='lat' dir='ltr'>idem</span> <span class='ocrx_word' id='word_1_176' title='bbox 676 2725 807 2798; x_wconf 83' lang='lat' dir='ltr'>eratque</span> <span class='ocrx_word' id='word_1_177' title='bbox 820 2725 953 2796; x_wconf 84' lang='lat' dir='ltr'>auctore,</span> <span class='ocrx_word' id='word_1_178' title='bbox 965 2719 1054 2798; x_wconf 86' lang='lat' dir='ltr'>paulo</span> <span class='ocrx_word' id='word_1_179' title='bbox 1069 2723 1166 2794; x_wconf 88' lang='lat' dir='ltr'>antea,</span> <span class='ocrx_word' id='word_1_180' title='bbox 1182 2736 1260 2780; x_wconf 88' lang='lat' dir='ltr'>anno</span> <span class='ocrx_word' id='word_1_181' title='bbox 1272 2716 1355 2782; x_wconf 75' lang='lat' dir='ltr'>vide·</span> <span class='ocrx_word' id='word_1_182' title='bbox 1391 2795 1394 2800; x_wconf 68' lang='lat'><em>,</em></span> 
     </span>
     <span class='ocr_line' id='line_1_24' title="bbox 327 2815 1357 2898; baseline -0.004 -18"><span class='ocrx_word' id='word_1_183' title='bbox 327 2818 397 2880; x_wconf 86' lang='lat' dir='ltr'>licet</span> <span class='ocrx_word' id='word_1_184' title='bbox 405 2817 461 2878; x_wconf 81' lang='lat'>311</span> <span class='ocrx_word' id='word_1_185' title='bbox 473 2818 623 2898; x_wconf 89' lang='lat' dir='ltr'>templum</span> <span class='ocrx_word' id='word_1_186' title='bbox 636 2834 789 2879; x_wconf 75' lang='lat' dir='ltr'>viciorum</span> <span class='ocrx_word' id='word_1_187' title='bbox 803 2833 952 2878; x_wconf 74' lang='lat' dir='ltr'>nucusrrs</span> <span class='ocrx_word' id='word_1_188' title='bbox 968 2821 1034 2896; x_wconf 85' lang='lat' dir='ltr'>post</span> <span class='ocrx_word' id='word_1_189' title='bbox 1047 2815 1177 2876; x_wconf 85' lang='lat' dir='ltr'>devictos</span> <span class='ocrx_word' id='word_1_190' title='bbox 1191 2815 1357 2884; x_wconf 75' lang='lat' dir='ltr'>Germanos</span> 
     </span>
     <span class='ocr_line' id='line_1_25' title="bbox 328 2911 1359 3006; baseline -0.006 -29"><span class='ocrx_word' id='word_1_191' title='bbox 328 2913 497 2977; x_wconf 87' lang='lat' dir='ltr'>dedicatum</span> <span class='ocrx_word' id='word_1_192' title='bbox 512 2916 610 2976; x_wconf 81' lang='lat' dir='ltr'>luerat</span> <span class='ocrx_word' id='word_1_193' title='bbox 622 2912 678 2993; x_wconf 88' lang='lat'>(3).</span> <span class='ocrx_word' id='word_1_194' title='bbox 693 2913 800 2974; x_wconf 89' lang='lat' dir='ltr'>Nonne</span> <span class='ocrx_word' id='word_1_195' title='bbox 814 2912 907 2990; x_wconf 88' lang='lat' dir='ltr'>idem,</span> <span class='ocrx_word' id='word_1_196' title='bbox 918 2913 1006 2992; x_wconf 88' lang='lat' dir='ltr'>cujus</span> <span class='ocrx_word' id='word_1_197' title='bbox 1014 2911 1132 2975; x_wconf 87' lang='lat' dir='ltr'>nummi</span> <span class='ocrx_word' id='word_1_198' title='bbox 1141 2912 1276 2974; x_wconf 83' lang='lat' dir='ltr'>sexcenti</span> <span class='ocrx_word' id='word_1_199' title='bbox 1284 2911 1359 3006; x_wconf 78' lang='lat' dir='ltr'>Pon-</span> 
     </span>
    </p>
   </div>
   <div class='ocr_carea' id='block_1_5' title="bbox 327 2999 1355 3088">
    <p class='ocr_par' dir='ltr' id='par_1_7' title="bbox 327 2999 1355 3101">
     <span class='ocr_line' id='line_1_26' title="bbox 327 2999 1355 3088; baseline 0.006 -16"><span class='ocrx_word' id='word_1_200' title='bbox 327 3011 417 3077; x_wconf 84' lang='lat' dir='ltr'>tificis</span> <span class='ocrx_word' id='word_1_201' title='bbox 425 3012 548 3076; x_wconf 85' lang='lat' dir='ltr'>Maximi</span> <span class='ocrx_word' id='word_1_202' title='bbox 556 3011 691 3088; x_wconf 89' lang='lat' dir='ltr'>titulum,</span> <span class='ocrx_word' id='word_1_203' title='bbox 707 2999 864 3072; x_wconf 67' lang='lat' dir='ltr'>aut‘alaero</span> <span class='ocrx_word' id='word_1_204' title='bbox 877 3011 970 3074; x_wconf 86' lang='lat' dir='ltr'>latere</span> <span class='ocrx_word' id='word_1_205' title='bbox 983 3017 1120 3078; x_wconf 86' lang='lat' dir='ltr'>veterum</span> <span class='ocrx_word' id='word_1_206' title='bbox 1133 3010 1296 3078; x_wconf 76' lang='lat' dir='ltr'>uununum</span> <span class='ocrx_word' id='word_1_207' title='bbox 1310 3009 1355 3075; x_wconf 75' lang='lat' dir='ltr'>es·</span> 
     </span>
    </p>
   </div>
   <div class='ocr_carea' id='block_1_6' title="bbox 360 3227 944 3381">
    <p class='ocr_par' dir='ltr' id='par_1_8' title="bbox 360 3227 944 3381">
     <span class='ocr_line' id='line_1_27' title="bbox 362 3227 944 3296; baseline -0.007 -14"><span class='ocrx_word' id='word_1_208' title='bbox 362 3227 396 3296; x_wconf 73' lang='lat' dir='ltr'>lt)</span> <span class='ocrx_word' id='word_1_209' title='bbox 413 3229 483 3282; x_wconf 78' lang='lat' dir='ltr'>Sext.</span> <span class='ocrx_word' id='word_1_210' title='bbox 498 3230 598 3282; x_wconf 75' lang='lat' dir='ltr'>eunuc.</span> <span class='ocrx_word' id='word_1_211' title='bbox 613 3230 720 3293; x_wconf 74' lang='lat' dir='ltr'>viores,</span> <span class='ocrx_word' id='word_1_212' title='bbox 735 3230 775 3293; x_wconf 77' lang='lat' dir='ltr'>Dc</span> <span class='ocrx_word' id='word_1_213' title='bbox 789 3229 888 3281; x_wconf 76' lang='lat' dir='ltr'>cerer.</span> <span class='ocrx_word' id='word_1_214' title='bbox 903 3227 944 3279; x_wconf 80' lang='lat' dir='ltr'>n.</span> 
     </span>
     <span class='ocr_line' id='line_1_28' title="bbox 360 3311 546 3381; baseline -0.022 -13"><span class='ocrx_word' id='word_1_215' title='bbox 360 3311 399 3381; x_wconf 56' lang='grc' dir='ltr'>(θ)</span> <span class='ocrx_word' id='word_1_216' title='bbox 413 3315 466 3374; x_wconf 72' lang='lat' dir='ltr'>Ia,</span> <span class='ocrx_word' id='word_1_217' title='bbox 480 3315 546 3372; x_wconf 77' lang='lat' dir='ltr'>thid.</span> 
     </span>
    </p>
   </div>
   <div class='ocr_carea' id='block_1_7' title="bbox 477 3397 1138 4156">
    <p class='ocr_par' dir='ltr' id='par_1_9' title="bbox 477 3397 1138 4156">
     <span class='ocr_line' id='line_1_29' title="bbox 477 3397 978 3464; baseline -0.01 -9"><span class='ocrx_word' id='word_1_218' title='bbox 477 3397 515 3464; x_wconf 77' lang='lat'>(3)</span> <span class='ocrx_word' id='word_1_219' title='bbox 705 3417 837 3454; x_wconf 79' lang='lat' dir='ltr'>ncronnc.</span> <span class='ocrx_word' id='word_1_220' title='bbox 852 3415 978 3452; x_wconf 74' lang='lat' dir='ltr'>treverae.</span> 
     </span>
     <span class='ocr_line' id='line_1_30' title="bbox 666 3474 1021 3527; baseline -0.011 -6"><span class='ocrx_word' id='word_1_221' title='bbox 666 3488 759 3524; x_wconf 68' lang='lat' dir='ltr'>sacrvm.</span> <span class='ocrx_word' id='word_1_222' title='bbox 775 3486 829 3523; x_wconf 78' lang='lat' dir='ltr'>nno.</span> <span class='ocrx_word' id='word_1_223' title='bbox 845 3485 958 3520; x_wconf 72' lang='lat' dir='ltr'>sarman.</span> <span class='ocrx_word' id='word_1_224' title='bbox 973 3474 1021 3527; x_wconf 79' lang='lat' dir='ltr'>(ne)</span> 
     </span>
     <span class='ocr_line' id='line_1_31' title="bbox 545 3551 1138 3594; baseline -0.005 -2"><span class='ocrx_word' id='word_1_225' title='bbox 545 3552 579 3593; x_wconf 84' lang='lat' dir='ltr'>(ld.</span> <span class='ocrx_word' id='word_1_226' title='bbox 594 3557 631 3593; x_wconf 79' lang='lat' dir='ltr'>ult.</span> <span class='ocrx_word' id='word_1_227' title='bbox 647 3557 769 3594; x_wconf 69' lang='lat' dir='ltr'>fltxtllrtt.</span> <span class='ocrx_word' id='word_1_228' title='bbox 786 3557 821 3592; x_wconf 73' lang='lat' dir='ltr'>ur.</span> <span class='ocrx_word' id='word_1_229' title='bbox 836 3553 992 3590; x_wconf 67' lang='lat' dir='ltr'>construunt.</span> <span class='ocrx_word' id='word_1_230' title='bbox 1008 3551 1044 3588; x_wconf 78' lang='lat' dir='ltr'>n.</span> <span class='ocrx_word' id='word_1_231' title='bbox 1060 3551 1138 3589; x_wconf 73' lang='lat' dir='ltr'>moliti.</span> 
     </span>
     <span class='ocr_line' id='line_1_32' title="bbox 648 3624 1035 3664; baseline -0.005 -2"><span class='ocrx_word' id='word_1_232' title='bbox 648 3627 744 3664; x_wconf 67' lang='lat' dir='ltr'>nemeen.</span> <span class='ocrx_word' id='word_1_233' title='bbox 766 3625 836 3662; x_wconf 76' lang='lat' dir='ltr'>arco.</span> <span class='ocrx_word' id='word_1_234' title='bbox 857 3625 910 3660; x_wconf 74' lang='lat' dir='ltr'>ivn.</span> <span class='ocrx_word' id='word_1_235' title='bbox 933 3624 1035 3662; x_wconf 74' lang='lat' dir='ltr'>secema.</span> 
     </span>
     <span class='ocr_line' id='line_1_33' title="bbox 690 3693 993 3730; baseline -0.007 0"><span class='ocrx_word' id='word_1_236' title='bbox 690 3695 745 3730; x_wconf 80' lang='lat' dir='ltr'>arx.</span> <span class='ocrx_word' id='word_1_237' title='bbox 761 3694 882 3730; x_wconf 76' lang='lat' dir='ltr'>asuerum</span> <span class='ocrx_word' id='word_1_238' title='bbox 898 3693 993 3730; x_wconf 75' lang='lat' dir='ltr'>runnu.</span> 
     </span>
     <span class='ocr_line' id='line_1_34' title="bbox 596 3764 1096 3804; baseline -0.008 -2"><span class='ocrx_word' id='word_1_239' title='bbox 596 3768 655 3804; x_wconf 75' lang='lat' dir='ltr'>erra.</span> <span class='ocrx_word' id='word_1_240' title='bbox 670 3768 708 3803; x_wconf 63' lang='lat' dir='ltr'>ax·</span> <span class='ocrx_word' id='word_1_241' title='bbox 724 3767 789 3801; x_wconf 78' lang='lat' dir='ltr'>voro.</span> <span class='ocrx_word' id='word_1_242' title='bbox 807 3767 827 3802; x_wconf 79' lang='lat' dir='ltr'>a.</span> <span class='ocrx_word' id='word_1_243' title='bbox 844 3767 910 3802; x_wconf 82' lang='lat' dir='ltr'>novo.</span> <span class='ocrx_word' id='word_1_244' title='bbox 927 3767 999 3801; x_wconf 75' lang='lat' dir='ltr'>rrum.</span> <span class='ocrx_word' id='word_1_245' title='bbox 1014 3764 1096 3802; x_wconf 81' lang='lat' dir='ltr'>iussn.</span> 
     </span>
     <span class='ocr_line' id='line_1_35' title="bbox 672 3835 1020 3873; baseline -0.003 -2"><span class='ocrx_word' id='word_1_246' title='bbox 672 3838 724 3873; x_wconf 80' lang='lat' dir='ltr'>rsa.</span> <span class='ocrx_word' id='word_1_247' title='bbox 740 3837 890 3872; x_wconf 79' lang='lat' dir='ltr'>msranrmn.</span> <span class='ocrx_word' id='word_1_248' title='bbox 905 3837 957 3872; x_wconf 78' lang='lat' dir='ltr'>rac.</span> <span class='ocrx_word' id='word_1_249' title='bbox 973 3835 1020 3871; x_wconf 79' lang='lat' dir='ltr'>sarr</span> 
     </span>
     <span class='ocr_line' id='line_1_36' title="bbox 653 3907 1032 3951; baseline -0.003 -8"><span class='ocrx_word' id='word_1_250' title='bbox 653 3909 751 3945; x_wconf 76' lang='lat' dir='ltr'>nunnae.</span> <span class='ocrx_word' id='word_1_251' title='bbox 771 3910 792 3943; x_wconf 81' lang='lat' dir='ltr'>r.</span> <span class='ocrx_word' id='word_1_252' title='bbox 812 3910 834 3944; x_wconf 77' lang='lat' dir='ltr'>r.</span> <span class='ocrx_word' id='word_1_253' title='bbox 855 3909 908 3951; x_wconf 80' lang='lat' dir='ltr'>eoo.</span> <span class='ocrx_word' id='word_1_254' title='bbox 930 3908 981 3944; x_wconf 79' lang='lat' dir='ltr'>asc.</span> <span class='ocrx_word' id='word_1_255' title='bbox 1001 3907 1032 3948; x_wconf 78' lang='lat' dir='ltr'>so</span> 
     </span>
     <span class='ocr_line' id='line_1_37' title="bbox 678 3977 1004 4014; baseline -0.006 -1"><span class='ocrx_word' id='word_1_256' title='bbox 678 3978 791 4014; x_wconf 73' lang='lat' dir='ltr'>vestime.</span> <span class='ocrx_word' id='word_1_257' title='bbox 808 3977 888 4012; x_wconf 76' lang='lat' dir='ltr'>coarr.</span> <span class='ocrx_word' id='word_1_258' title='bbox 905 3978 925 4013; x_wconf 78' lang='grc' dir='ltr'>ι.</span> <span class='ocrx_word' id='word_1_259' title='bbox 942 3978 963 4012; x_wconf 81' lang='grc' dir='ltr'>ι.</span> <span class='ocrx_word' id='word_1_260' title='bbox 978 3977 1004 4011; x_wconf 79' lang='lat' dir='ltr'>n.</span> 
     </span>
     <span class='ocr_line' id='line_1_38' title="bbox 625 4046 1063 4088; baseline -0.014 0"><span class='ocrx_word' id='word_1_261' title='bbox 625 4050 662 4088; x_wconf 78' lang='lat' dir='ltr'>oa.</span> <span class='ocrx_word' id='word_1_262' title='bbox 677 4049 793 4085; x_wconf 78' lang='lat' dir='ltr'>vrcronm.</span> <span class='ocrx_word' id='word_1_263' title='bbox 807 4047 885 4084; x_wconf 76' lang='lat' dir='ltr'>riori.</span> <span class='ocrx_word' id='word_1_264' title='bbox 902 4048 924 4084; x_wconf 86' lang='lat' dir='ltr'>v.</span> <span class='ocrx_word' id='word_1_265' title='bbox 939 4048 964 4084; x_wconf 72' lang='grc' dir='ltr'>ι.</span> <span class='ocrx_word' id='word_1_266' title='bbox 979 4046 1063 4084; x_wconf 76' lang='lat' dir='ltr'>avuta.</span> 
     </span>
     <span class='ocr_line' id='line_1_39' title="bbox 665 4115 1026 4156; baseline -0.003 -3"><span class='ocrx_word' id='word_1_267' title='bbox 665 4116 808 4156; x_wconf 78' lang='lat' dir='ltr'>rnuuonrco.</span> <span class='ocrx_word' id='word_1_268' title='bbox 823 4118 859 4156; x_wconf 80' lang='lat' dir='ltr'>rr.</span> <span class='ocrx_word' id='word_1_269' title='bbox 875 4117 960 4154; x_wconf 78' lang='lat' dir='ltr'>eaouo.</span> <span class='ocrx_word' id='word_1_270' title='bbox 975 4115 1026 4152; x_wconf 83' lang='lat' dir='ltr'>uos.</span> 
     </span>
    </p>
   </div>
   <div class='ocr_carea' id='block_1_8' title="bbox 347 4175 1260 4359">
    <p class='ocr_par' dir='ltr' id='par_1_10' title="bbox 347 4175 1260 4359">
     <span class='ocr_line' id='line_1_40' title="bbox 949 4175 1189 4248; baseline -0.008 -16"><span class='ocrx_word' id='word_1_271' title='bbox 949 4182 1086 4248; x_wconf 73' lang='lat' dir='ltr'>(fluxuum,</span> <span class='ocrx_word' id='word_1_272' title='bbox 1101 4175 1189 4240; x_wconf 75' lang='lat' dir='ltr'>toro.)</span> 
     </span>
     <span class='ocr_line' id='line_1_41' title="bbox 347 4267 1260 4359; baseline -0.01 -11"><span class='ocrx_word' id='word_1_273' title='bbox 347 4267 417 4348; x_wconf 66' lang='lat' dir='ltr'>&#39;na</span> <span class='ocrx_word' id='word_1_274' title='bbox 431 4296 518 4359; x_wconf 75' lang='lat' dir='ltr'>aper.</span> <span class='ocrx_word' id='word_1_275' title='bbox 532 4294 671 4358; x_wconf 69' lang='lat' dir='ltr'>rorata..</span> <span class='ocrx_word' id='word_1_276' title='bbox 685 4294 718 4346; x_wconf 76' lang='lat' dir='ltr'>ae</span> <span class='ocrx_word' id='word_1_277' title='bbox 731 4307 797 4346; x_wconf 70' lang='lat' dir='ltr'>anno</span> <span class='ocrx_word' id='word_1_278' title='bbox 812 4291 1079 4355; x_wconf 64' lang='lat' dir='ltr'>corrationalem.</span> <span class='ocrx_word' id='word_1_279' title='bbox 1095 4288 1184 4348; x_wconf 73' lang='lat' dir='ltr'>ann..</span> <span class='ocrx_word' id='word_1_280' title='bbox 1199 4287 1220 4358; x_wconf 85' lang='lat' dir='ltr'>r,</span> <span class='ocrx_word' id='word_1_281' title='bbox 1234 4288 1260 4340; x_wconf 81' lang='lat' dir='ltr'>r.</span> 
     </span>
    </p>
   </div>
   <div class='ocr_carea' id='block_1_9' title="bbox 0 0 1536 5046">
    <p class='ocr_par' dir='ltr' id='par_1_11' title="bbox 0 0 1536 5046">
     <span class='ocr_line' id='line_1_42' title="bbox 0 0 1536 5046; baseline 0 0"><span class='ocrx_word' id='word_1_282' title='bbox 0 0 1536 5046; x_wconf 95' lang='lat' dir='ltr'> </span> 
     </span>
    </p>
   </div>
  </div>
 </body>
</html>
