<?xml version="1.0" encoding="UTF-8"?>
<!DOCTYPE html PUBLIC "-//W3C//DTD XHTML 1.0 Transitional//EN"
    "http://www.w3.org/TR/xhtml1/DTD/xhtml1-transitional.dtd">
<html xmlns="http://www.w3.org/1999/xhtml" xml:lang="en" lang="en">
 <head>
  <title>
</title>
<meta http-equiv="Content-Type" content="text/html;charset=utf-8" />
  <meta name='ocr-system' content='tesseract 3.04.00' />
  <meta name='ocr-capabilities' content='ocr_page ocr_carea ocr_par ocr_line ocrx_word'/>
</head>
<body>
  <div class='ocr_page' id='page_1' title='image "./deconstantinoim00aubgoog_0032.png"; bbox 0 0 3054 5046; ppageno 0'>
   <div class='ocr_carea' id='block_1_1' title="bbox 601 589 762 650">
    <p class='ocr_par' dir='ltr' id='par_1_1' title="bbox 601 589 762 650">
     <span class='ocr_line' id='line_1_1' title="bbox 601 589 762 650; baseline -0.012 -12"><span class='ocrx_word' id='word_1_1' title='bbox 601 589 762 650; x_wconf 68' lang='lat'>..23-</span> 
     </span>
    </p>
   </div>
   <div class='ocr_carea' id='block_1_2' title="bbox 158 722 1276 2966">
    <p class='ocr_par' dir='ltr' id='par_1_2' title="bbox 164 722 1238 1394">
     <span class='ocr_line' id='line_1_2' title="bbox 167 722 1238 806; baseline -0.005 -18"><span class='ocrx_word' id='word_1_2' title='bbox 167 727 264 806; x_wconf 86' lang='lat' dir='ltr'>gressi</span> <span class='ocrx_word' id='word_1_3' title='bbox 286 726 436 806; x_wconf 81' lang='lat' dir='ltr'>principes</span> <span class='ocrx_word' id='word_1_4' title='bbox 455 742 527 786; x_wconf 90' lang='lat' dir='ltr'>cum</span> <span class='ocrx_word' id='word_1_5' title='bbox 548 723 719 785; x_wconf 87' lang='lat' dir='ltr'>christianis</span> <span class='ocrx_word' id='word_1_6' title='bbox 740 722 878 783; x_wconf 91' lang='lat' dir='ltr'>tribuunt</span> <span class='ocrx_word' id='word_1_7' title='bbox 902 729 937 782; x_wconf 90' lang='lat' dir='ltr'>ut</span> <span class='ocrx_word' id='word_1_8' title='bbox 959 722 1027 782; x_wconf 88' lang='lat' dir='ltr'>sint·</span> <span class='ocrx_word' id='word_1_9' title='bbox 1041 727 1071 782; x_wconf 89' lang='lat' dir='ltr'>et</span> <span class='ocrx_word' id='word_1_10' title='bbox 1091 722 1195 784; x_wconf 87' lang='lat' dir='ltr'>liberis</span> <span class='ocrx_word' id='word_1_11' title='bbox 1237 757 1238 760; x_wconf 61' lang='lat'><em>=</em></span> 
     </span>
     <span class='ocr_line' id='line_1_3' title="bbox 167 819 1193 903; baseline -0.007 -15"><span class='ocrx_word' id='word_1_12' title='bbox 167 824 320 888; x_wconf 87' lang='lat' dir='ltr'>mentibus</span> <span class='ocrx_word' id='word_1_13' title='bbox 334 825 452 903; x_wconf 81' lang='lat' dir='ltr'>degant,</span> <span class='ocrx_word' id='word_1_14' title='bbox 468 842 528 883; x_wconf 89' lang='lat' dir='ltr'>non</span> <span class='ocrx_word' id='word_1_15' title='bbox 538 827 618 883; x_wconf 85' lang='lat' dir='ltr'>certe</span> <span class='ocrx_word' id='word_1_16' title='bbox 634 821 760 900; x_wconf 87' lang='lat' dir='ltr'>singulis</span> <span class='ocrx_word' id='word_1_17' title='bbox 777 826 907 898; x_wconf 86' lang='lat' dir='ltr'>tanturn,</span> <span class='ocrx_word' id='word_1_18' title='bbox 922 820 976 882; x_wconf 87' lang='lat' dir='ltr'>sed</span> <span class='ocrx_word' id='word_1_19' title='bbox 986 819 1134 881; x_wconf 90' lang='lat' dir='ltr'>universis</span> <span class='ocrx_word' id='word_1_20' title='bbox 1150 820 1193 881; x_wconf 90' lang='lat' dir='ltr'>si-</span> 
     </span>
     <span class='ocr_line' id='line_1_4' title="bbox 167 917 1196 1002; baseline -0.005 -18"><span class='ocrx_word' id='word_1_21' title='bbox 167 923 246 1000; x_wconf 91' lang='lat' dir='ltr'>mul,</span> <span class='ocrx_word' id='word_1_22' title='bbox 263 923 317 984; x_wconf 88' lang='lat' dir='ltr'>sed</span> <span class='ocrx_word' id='word_1_23' title='bbox 330 921 383 982; x_wconf 86' lang='lat' dir='ltr'>toti</span> <span class='ocrx_word' id='word_1_24' title='bbox 397 921 514 1002; x_wconf 82' lang='lat' dir='ltr'><strong>corpori</strong></span> <span class='ocrx_word' id='word_1_25' title='bbox 527 920 760 981; x_wconf 90' lang='lat' dir='ltr'>christianorum</span> <span class='ocrx_word' id='word_1_26' title='bbox 773 937 875 980; x_wconf 85' lang='lat' dir='ltr'>veram</span> <span class='ocrx_word' id='word_1_27' title='bbox 890 924 920 979; x_wconf 89' lang='lat' dir='ltr'>et</span> <span class='ocrx_word' id='word_1_28' title='bbox 933 917 1087 979; x_wconf 83' lang='lat' dir='ltr'>efficacem</span> <span class='ocrx_word' id='word_1_29' title='bbox 1101 919 1196 979; x_wconf 87' lang='lat' dir='ltr'>liber·</span> 
     </span>
     <span class='ocr_line' id='line_1_5' title="bbox 165 1005 1195 1098; baseline -0.005 -15"><span class='ocrx_word' id='word_1_30' title='bbox 165 1027 259 1083; x_wconf 86' lang='lat' dir='ltr'>tatem</span> <span class='ocrx_word' id='word_1_31' title='bbox 269 1020 438 1081; x_wconf 88' lang='lat' dir='ltr'>condonant</span> <span class='ocrx_word' id='word_1_32' title='bbox 449 1037 455 1078; x_wconf 92' lang='lat'><strong>:</strong></span> <span class='ocrx_word' id='word_1_33' title='bbox 465 1005 560 1096; x_wconf 80' lang='lat' dir='ltr'>idest,</span> <span class='ocrx_word' id='word_1_34' title='bbox 573 1018 684 1098; x_wconf 90' lang='lat' dir='ltr'>quibus</span> <span class='ocrx_word' id='word_1_35' title='bbox 697 1023 830 1078; x_wconf 82' lang='lat' dir='ltr'>anteaex</span> <span class='ocrx_word' id='word_1_36' title='bbox 839 1018 905 1096; x_wconf 88' lang='lat' dir='ltr'>lege</span> <span class='ocrx_word' id='word_1_37' title='bbox 915 1023 996 1078; x_wconf 87' lang='lat' dir='ltr'>coire</span> <span class='ocrx_word' id='word_1_38' title='bbox 1005 1036 1067 1077; x_wconf 93' lang='lat' dir='ltr'>non</span> <span class='ocrx_word' id='word_1_39' title='bbox 1076 1016 1195 1095; x_wconf 82' lang='lat' dir='ltr'>licebat,</span> 
     </span>
     <span class='ocr_line' id='line_1_6' title="bbox 164 1115 1199 1200; baseline -0.003 -21"><span class='ocrx_word' id='word_1_40' title='bbox 164 1121 230 1200; x_wconf 80' lang='lat' dir='ltr'>J‘am</span> <span class='ocrx_word' id='word_1_41' title='bbox 250 1135 333 1179; x_wconf 90' lang='lat' dir='ltr'>nunc</span> <span class='ocrx_word' id='word_1_42' title='bbox 350 1117 452 1194; x_wconf 91' lang='lat' dir='ltr'>licere,</span> <span class='ocrx_word' id='word_1_43' title='bbox 476 1116 587 1196; x_wconf 88' lang='lat' dir='ltr'>quibus</span> <span class='ocrx_word' id='word_1_44' title='bbox 609 1121 706 1176; x_wconf 88' lang='lat' dir='ltr'>coetus</span> <span class='ocrx_word' id='word_1_45' title='bbox 726 1115 878 1176; x_wconf 88' lang='lat' dir='ltr'>celebrare</span> <span class='ocrx_word' id='word_1_46' title='bbox 901 1119 931 1175; x_wconf 91' lang='lat' dir='ltr'>et</span> <span class='ocrx_word' id='word_1_47' title='bbox 944 1133 1032 1194; x_wconf 88' lang='lat' dir='ltr'>agere</span> <span class='ocrx_word' id='word_1_48' title='bbox 1053 1115 1199 1176; x_wconf 88' lang='lat' dir='ltr'>solemnia</span> 
     </span>
     <span class='ocr_line' id='line_1_7' title="bbox 168 1213 1198 1294; baseline -0.003 -17"><span class='ocrx_word' id='word_1_49' title='bbox 168 1237 230 1278; x_wconf 91' lang='lat' dir='ltr'>non</span> <span class='ocrx_word' id='word_1_50' title='bbox 244 1217 289 1278; x_wconf 87' lang='lat' dir='ltr'>fas</span> <span class='ocrx_word' id='word_1_51' title='bbox 304 1221 378 1294; x_wconf 87' lang='lat' dir='ltr'>erat,</span> <span class='ocrx_word' id='word_1_52' title='bbox 391 1216 457 1294; x_wconf 85' lang='lat' dir='ltr'>jam</span> <span class='ocrx_word' id='word_1_53' title='bbox 469 1233 551 1274; x_wconf 90' lang='lat' dir='ltr'>nunc</span> <span class='ocrx_word' id='word_1_54' title='bbox 565 1215 609 1275; x_wconf 88' lang='lat' dir='ltr'>fas</span> <span class='ocrx_word' id='word_1_55' title='bbox 626 1233 693 1276; x_wconf 88' lang='lat' dir='ltr'>esse</span> <span class='ocrx_word' id='word_1_56' title='bbox 712 1213 907 1291; x_wconf 89' lang='lat' dir='ltr'>constituunt,</span> <span class='ocrx_word' id='word_1_57' title='bbox 927 1231 1064 1292; x_wconf 89' lang='lat' dir='ltr'>quosque</span> <span class='ocrx_word' id='word_1_58' title='bbox 1073 1213 1123 1273; x_wconf 80' lang='lat' dir='ltr'>len</span> <span class='ocrx_word' id='word_1_59' title='bbox 1133 1231 1198 1274; x_wconf 85' lang='lat' dir='ltr'>esse</span> 
     </span>
     <span class='ocr_line' id='line_1_8' title="bbox 167 1312 617 1394; baseline -0.011 -18"><span class='ocrx_word' id='word_1_60' title='bbox 167 1315 297 1392; x_wconf 86' lang='lat' dir='ltr'>vetabat,</span> <span class='ocrx_word' id='word_1_61' title='bbox 309 1315 374 1394; x_wconf 86' lang='lat' dir='ltr'>jam</span> <span class='ocrx_word' id='word_1_62' title='bbox 388 1313 436 1374; x_wconf 90' lang='lat' dir='ltr'>sui</span> <span class='ocrx_word' id='word_1_63' title='bbox 447 1312 526 1393; x_wconf 86' lang='lat' dir='ltr'>juris</span> <span class='ocrx_word' id='word_1_64' title='bbox 540 1312 617 1372; x_wconf 88' lang='lat' dir='ltr'>fieri.</span> 
     </span>
    </p>

    <p class='ocr_par' dir='ltr' id='par_1_3' title="bbox 158 1407 1276 2566">
     <span class='ocr_line' id='line_1_9' title="bbox 208 1407 1199 1492; baseline -0.004 -19"><span class='ocrx_word' id='word_1_65' title='bbox 208 1411 345 1492; x_wconf 88' lang='lat' dir='ltr'>AEquum</span> <span class='ocrx_word' id='word_1_66' title='bbox 359 1416 433 1488; x_wconf 88' lang='lat' dir='ltr'>erat,</span> <span class='ocrx_word' id='word_1_67' title='bbox 445 1415 480 1470; x_wconf 91' lang='lat' dir='ltr'>ut</span> <span class='ocrx_word' id='word_1_68' title='bbox 487 1409 616 1487; x_wconf 90' lang='lat' dir='ltr'>videtur,</span> <span class='ocrx_word' id='word_1_69' title='bbox 629 1428 726 1489; x_wconf 90' lang='lat' dir='ltr'>quum</span> <span class='ocrx_word' id='word_1_70' title='bbox 740 1429 758 1470; x_wconf 92' lang='lat' dir='ltr'>a</span> <span class='ocrx_word' id='word_1_71' title='bbox 771 1414 868 1469; x_wconf 86' lang='lat' dir='ltr'>morte</span> <span class='ocrx_word' id='word_1_72' title='bbox 879 1426 1017 1469; x_wconf 87' lang='lat' dir='ltr'>revocare</span> <span class='ocrx_word' id='word_1_73' title='bbox 1026 1407 1199 1469; x_wconf 83' lang='lat' dir='ltr'>interfectos</span> 
     </span>
     <span class='ocr_line' id='line_1_10' title="bbox 168 1505 1198 1585; baseline -0.004 -15"><span class='ocrx_word' id='word_1_74' title='bbox 168 1508 284 1570; x_wconf 84' lang='lat' dir='ltr'>nemini</span> <span class='ocrx_word' id='word_1_75' title='bbox 298 1509 432 1585; x_wconf 89' lang='lat' dir='ltr'>daretur,</span> <span class='ocrx_word' id='word_1_76' title='bbox 448 1506 661 1577; x_wconf 87' lang='lat' dir='ltr'>communibus</span> <span class='ocrx_word' id='word_1_77' title='bbox 674 1505 772 1583; x_wconf 88' lang='lat' dir='ltr'>bonis,</span> <span class='ocrx_word' id='word_1_78' title='bbox 788 1505 942 1583; x_wconf 69' lang='lat' dir='ltr'>Ecclesia,</span> <span class='ocrx_word' id='word_1_79' title='bbox 959 1505 1093 1566; x_wconf 86' lang='lat' dir='ltr'>aediculis</span> <span class='ocrx_word' id='word_1_80' title='bbox 1106 1510 1198 1566; x_wconf 89' lang='lat' dir='ltr'>etva-</span> 
     </span>
     <span class='ocr_line' id='line_1_11' title="bbox 167 1603 1197 1684; baseline -0.003 -16"><span class='ocrx_word' id='word_1_81' title='bbox 167 1608 254 1668; x_wconf 89' lang='lat' dir='ltr'>sibus</span> <span class='ocrx_word' id='word_1_82' title='bbox 267 1607 306 1668; x_wconf 91' lang='lat' dir='ltr'>ad</span> <span class='ocrx_word' id='word_1_83' title='bbox 324 1623 424 1667; x_wconf 88' lang='lat' dir='ltr'>sacros</span> <span class='ocrx_word' id='word_1_84' title='bbox 437 1625 512 1666; x_wconf 89' lang='lat' dir='ltr'>usus</span> <span class='ocrx_word' id='word_1_85' title='bbox 526 1605 703 1666; x_wconf 89' lang='lat' dir='ltr'>necessariis</span> <span class='ocrx_word' id='word_1_86' title='bbox 716 1605 751 1665; x_wconf 90' lang='lat' dir='ltr'>vi-</span> <span class='ocrx_word' id='word_1_87' title='bbox 763 1609 794 1665; x_wconf 88' lang='lat' dir='ltr'>et</span> <span class='ocrx_word' id='word_1_88' title='bbox 806 1604 917 1684; x_wconf 86' lang='lat' dir='ltr'>injuria</span> <span class='ocrx_word' id='word_1_89' title='bbox 931 1604 1070 1684; x_wconf 87' lang='lat' dir='ltr'>spoliatos</span> <span class='ocrx_word' id='word_1_90' title='bbox 1091 1603 1124 1663; x_wconf 91' lang='lat' dir='ltr'>in</span> <span class='ocrx_word' id='word_1_91' title='bbox 1144 1623 1197 1665; x_wconf 89' lang='lat' dir='ltr'>ea·</span> 
     </span>
     <span class='ocr_line' id='line_1_12' title="bbox 168 1702 1198 1785; baseline -0.005 -18"><span class='ocrx_word' id='word_1_92' title='bbox 168 1725 241 1767; x_wconf 91' lang='lat' dir='ltr'>rum</span> <span class='ocrx_word' id='word_1_93' title='bbox 256 1725 361 1766; x_wconf 91' lang='lat' dir='ltr'>rerum</span> <span class='ocrx_word' id='word_1_94' title='bbox 376 1705 596 1785; x_wconf 88' lang='lat' dir='ltr'>possessionem</span> <span class='ocrx_word' id='word_1_95' title='bbox 615 1704 722 1765; x_wconf 89' lang='lat' dir='ltr'>saltern</span> <span class='ocrx_word' id='word_1_96' title='bbox 735 1703 864 1781; x_wconf 88' lang='lat' dir='ltr'>restitui,</span> <span class='ocrx_word' id='word_1_97' title='bbox 880 1708 915 1763; x_wconf 92' lang='lat' dir='ltr'>ut</span> <span class='ocrx_word' id='word_1_98' title='bbox 934 1703 1066 1763; x_wconf 88' lang='lat' dir='ltr'>civilium</span> <span class='ocrx_word' id='word_1_99' title='bbox 1079 1702 1198 1763; x_wconf 90' lang='lat' dir='ltr'>dissen-</span> 
     </span>
     <span class='ocr_line' id='line_1_13' title="bbox 168 1800 1199 1883; baseline -0.003 -19"><span class='ocrx_word' id='word_1_100' title='bbox 168 1804 290 1866; x_wconf 89' lang='lat' dir='ltr'>sionum</span> <span class='ocrx_word' id='word_1_101' title='bbox 303 1809 334 1864; x_wconf 89' lang='lat' dir='ltr'>et</span> <span class='ocrx_word' id='word_1_102' title='bbox 345 1804 528 1883; x_wconf 83' lang='lat' dir='ltr'>injuriarum</span> <span class='ocrx_word' id='word_1_103' title='bbox 540 1802 663 1881; x_wconf 84' lang='lat' dir='ltr'>vestigia</span> <span class='ocrx_word' id='word_1_104' title='bbox 677 1801 796 1882; x_wconf 88' lang='lat' dir='ltr'>penitus</span> <span class='ocrx_word' id='word_1_105' title='bbox 810 1802 1013 1862; x_wconf 82' lang='lat' dir='ltr'><strong>abolerentur.</strong></span> <span class='ocrx_word' id='word_1_106' title='bbox 1026 1800 1107 1872; x_wconf 86' lang='lat' dir='ltr'>Quid</span> <span class='ocrx_word' id='word_1_107' title='bbox 1116 1801 1199 1861; x_wconf 89' lang='lat' dir='ltr'>enirn</span> 
     </span>
     <span class='ocr_line' id='line_1_14' title="bbox 169 1898 1198 1982; baseline -0.004 -20"><span class='ocrx_word' id='word_1_108' title='bbox 169 1902 332 1982; x_wconf 78' lang='lat' dir='ltr'>profuisset</span> <span class='ocrx_word' id='word_1_109' title='bbox 345 1901 523 1962; x_wconf 87' lang='lat' dir='ltr'>christianos</span> <span class='ocrx_word' id='word_1_110' title='bbox 536 1901 568 1960; x_wconf 91' lang='lat' dir='ltr'>in</span> <span class='ocrx_word' id='word_1_111' title='bbox 581 1900 750 1975; x_wconf 82' lang='lat' dir='ltr'>libertatem</span> <span class='ocrx_word' id='word_1_112' title='bbox 763 1898 918 1976; x_wconf 87' lang='lat' dir='ltr'>vindicari,</span> <span class='ocrx_word' id='word_1_113' title='bbox 939 1899 977 1958; x_wconf 88' lang='lat' dir='ltr'>iis</span> <span class='ocrx_word' id='word_1_114' title='bbox 994 1899 1110 1978; x_wconf 89' lang='lat' dir='ltr'>copiam</span> <span class='ocrx_word' id='word_1_115' title='bbox 1124 1898 1198 1959; x_wconf 90' lang='lat' dir='ltr'>reli-</span> 
     </span>
     <span class='ocr_line' id='line_1_15' title="bbox 168 1995 1198 2078; baseline -0.004 -19"><span class='ocrx_word' id='word_1_116' title='bbox 168 1999 265 2078; x_wconf 86' lang='lat' dir='ltr'>gionis</span> <span class='ocrx_word' id='word_1_117' title='bbox 279 1998 471 2060; x_wconf 88' lang='lat' dir='ltr'>observandae</span> <span class='ocrx_word' id='word_1_118' title='bbox 486 2003 516 2058; x_wconf 91' lang='lat' dir='ltr'>et</span> <span class='ocrx_word' id='word_1_119' title='bbox 528 2003 625 2058; x_wconf 88' lang='lat' dir='ltr'>coetus</span> <span class='ocrx_word' id='word_1_120' title='bbox 638 1997 810 2057; x_wconf 88' lang='lat' dir='ltr'>celebrandi</span> <span class='ocrx_word' id='word_1_121' title='bbox 823 1996 898 2073; x_wconf 88' lang='lat' dir='ltr'>dari,</span> <span class='ocrx_word' id='word_1_122' title='bbox 914 1996 983 2073; x_wconf 87' lang='lat' dir='ltr'>nisi,</span> <span class='ocrx_word' id='word_1_123' title='bbox 998 1995 1082 2074; x_wconf 92' lang='lat' dir='ltr'>locis,</span> <span class='ocrx_word' id='word_1_124' title='bbox 1098 2015 1115 2056; x_wconf 92' lang='lat' dir='ltr'>e</span> <span class='ocrx_word' id='word_1_125' title='bbox 1128 1995 1198 2076; x_wconf 91' lang='lat' dir='ltr'>qui·</span> 
     </span>
     <span class='ocr_line' id='line_1_16' title="bbox 169 2094 1198 2177; baseline -0.004 -19"><span class='ocrx_word' id='word_1_126' title='bbox 169 2097 228 2158; x_wconf 89' lang='lat' dir='ltr'>bus</span> <span class='ocrx_word' id='word_1_127' title='bbox 241 2097 361 2177; x_wconf 84' lang='lat' dir='ltr'>expulsi</span> <span class='ocrx_word' id='word_1_128' title='bbox 374 2097 504 2173; x_wconf 86' lang='lat' dir='ltr'>fuerant,</span> <span class='ocrx_word' id='word_1_129' title='bbox 520 2095 655 2172; x_wconf 77' lang='lat' dir='ltr'>redditiS,</span> <span class='ocrx_word' id='word_1_130' title='bbox 672 2094 821 2155; x_wconf 79' lang='lat' dir='ltr'>Ecclesiae</span> <span class='ocrx_word' id='word_1_131' title='bbox 842 2095 1050 2174; x_wconf 90' lang='lat' dir='ltr'>recuperandi,</span> <span class='ocrx_word' id='word_1_132' title='bbox 1073 2100 1125 2154; x_wconf 89' lang='lat' dir='ltr'>aut</span> <span class='ocrx_word' id='word_1_133' title='bbox 1146 2113 1198 2154; x_wconf 88' lang='lat' dir='ltr'>rc·</span> 
     </span>
     <span class='ocr_line' id='line_1_17' title="bbox 170 2177 1276 2272; baseline -0.004 -17"><span class='ocrx_word' id='word_1_134' title='bbox 170 2193 318 2256; x_wconf 79' lang='lat' dir='ltr'>sarciendi</span> <span class='ocrx_word' id='word_1_135' title='bbox 331 2199 383 2255; x_wconf 93' lang='lat' dir='ltr'>aut</span> <span class='ocrx_word' id='word_1_136' title='bbox 396 2195 433 2254; x_wconf 92' lang='lat' dir='ltr'>de</span> <span class='ocrx_word' id='word_1_137' title='bbox 452 2193 568 2272; x_wconf 87' lang='lat' dir='ltr'>integro</span> <span class='ocrx_word' id='word_1_138' title='bbox 582 2192 758 2253; x_wconf 80' lang='lat' dir='ltr'>exstruendi</span> <span class='ocrx_word' id='word_1_139' title='bbox 772 2191 897 2252; x_wconf 78' lang='lat' dir='ltr'>facultas</span> <span class='ocrx_word' id='word_1_140' title='bbox 911 2209 1052 2252; x_wconf 88' lang='lat' dir='ltr'>concessa</span> <span class='ocrx_word' id='word_1_141' title='bbox 1072 2191 1197 2252; x_wconf 72' lang='lat' dir='ltr'>luissetl</span> <span class='ocrx_word' id='word_1_142' title='bbox 1273 2177 1276 2182; x_wconf 37' lang='lat'><strong>¹</strong></span> 
     </span>
     <span class='ocr_line' id='line_1_18' title="bbox 170 2287 1201 2373; baseline -0.006 -20"><span class='ocrx_word' id='word_1_143' title='bbox 170 2289 308 2373; x_wconf 81' lang='lat' dir='ltr'>AEquum</span> <span class='ocrx_word' id='word_1_144' title='bbox 317 2296 381 2352; x_wconf 87' lang='lat' dir='ltr'>erat</span> <span class='ocrx_word' id='word_1_145' title='bbox 391 2291 491 2368; x_wconf 88' lang='lat' dir='ltr'>etiam,</span> <span class='ocrx_word' id='word_1_146' title='bbox 503 2290 552 2367; x_wconf 91' lang='lat' dir='ltr'>iis,</span> <span class='ocrx_word' id='word_1_147' title='bbox 569 2289 622 2369; x_wconf 91' lang='lat' dir='ltr'>qui</span> <span class='ocrx_word' id='word_1_148' title='bbox 636 2307 743 2350; x_wconf 87' lang='lat' dir='ltr'>earum</span> <span class='ocrx_word' id='word_1_149' title='bbox 759 2307 864 2349; x_wconf 88' lang='lat' dir='ltr'>rerum</span> <span class='ocrx_word' id='word_1_150' title='bbox 877 2293 994 2368; x_wconf 90' lang='lat' dir='ltr'>partem</span> <span class='ocrx_word' id='word_1_151' title='bbox 1007 2287 1139 2368; x_wconf 81' lang='lat' dir='ltr'>aliquam</span> <span class='ocrx_word' id='word_1_152' title='bbox 1152 2288 1201 2350; x_wconf 85' lang='lat' dir='ltr'>vel</span> 
     </span>
     <span class='ocr_line' id='line_1_19' title="bbox 171 2385 1200 2467; baseline -0.005 -16"><span class='ocrx_word' id='word_1_153' title='bbox 171 2395 308 2452; x_wconf 84' lang='lat' dir='ltr'>emerant</span> <span class='ocrx_word' id='word_1_154' title='bbox 320 2390 368 2450; x_wconf 90' lang='lat' dir='ltr'>vel</span> <span class='ocrx_word' id='word_1_155' title='bbox 381 2389 458 2449; x_wconf 91' lang='lat' dir='ltr'>dono</span> <span class='ocrx_word' id='word_1_156' title='bbox 471 2392 658 2467; x_wconf 80' lang='lat' dir='ltr'>acceperant,</span> <span class='ocrx_word' id='word_1_157' title='bbox 683 2385 810 2464; x_wconf 90' lang='lat' dir='ltr'>consuli,</span> <span class='ocrx_word' id='word_1_158' title='bbox 831 2386 913 2466; x_wconf 94' lang='lat' dir='ltr'>quod</span> <span class='ocrx_word' id='word_1_159' title='bbox 932 2386 1027 2447; x_wconf 88' lang='lat' dir='ltr'>semel</span> <span class='ocrx_word' id='word_1_160' title='bbox 1046 2387 1200 2447; x_wconf 84' lang='lat' dir='ltr'>etiterum</span> 
     </span>
     <span class='ocr_line' id='line_1_20' title="bbox 158 2485 567 2566; baseline -0.007 -19"><span class='ocrx_word' id='word_1_161' title='bbox 158 2487 203 2547; x_wconf 77' lang='lat' dir='ltr'>&#39;in</span> <span class='ocrx_word' id='word_1_162' title='bbox 217 2487 313 2547; x_wconf 91' lang='lat' dir='ltr'>edicto</span> <span class='ocrx_word' id='word_1_163' title='bbox 327 2485 480 2566; x_wconf 89' lang='lat' dir='ltr'>provisum</span> <span class='ocrx_word' id='word_1_164' title='bbox 494 2490 567 2545; x_wconf 89' lang='lat' dir='ltr'>erat.</span> 
     </span>
    </p>

    <p class='ocr_par' dir='ltr' id='par_1_4' title="bbox 172 2581 1200 2966">
     <span class='ocr_line' id='line_1_21' title="bbox 210 2581 1196 2662; baseline -0.002 -17"><span class='ocrx_word' id='word_1_165' title='bbox 210 2587 267 2646; x_wconf 90' lang='lat' dir='ltr'>His</span> <span class='ocrx_word' id='word_1_166' title='bbox 280 2586 312 2654; x_wconf 86' lang='lat' dir='ltr'>in</span> <span class='ocrx_word' id='word_1_167' title='bbox 325 2585 434 2646; x_wconf 86' lang='lat' dir='ltr'>libellis</span> <span class='ocrx_word' id='word_1_168' title='bbox 444 2585 510 2645; x_wconf 88' lang='lat' dir='ltr'>sine</span> <span class='ocrx_word' id='word_1_169' title='bbox 524 2585 624 2646; x_wconf 87' lang='lat' dir='ltr'>favore</span> <span class='ocrx_word' id='word_1_170' title='bbox 637 2589 667 2644; x_wconf 91' lang='lat' dir='ltr'>et</span> <span class='ocrx_word' id='word_1_171' title='bbox 679 2583 777 2644; x_wconf 90' lang='lat' dir='ltr'>studio</span> <span class='ocrx_word' id='word_1_172' title='bbox 791 2581 945 2644; x_wconf 85' lang='lat' dir='ltr'>christiani</span> <span class='ocrx_word' id='word_1_173' title='bbox 954 2583 993 2644; x_wconf 89' lang='lat' dir='ltr'>ab</span> <span class='ocrx_word' id='word_1_174' title='bbox 1005 2583 1196 2662; x_wconf 89' lang='lat' dir='ltr'>imperatori·</span> 
     </span>
     <span class='ocr_line' id='line_1_22' title="bbox 172 2684 1199 2766; baseline -0.004 -17"><span class='ocrx_word' id='word_1_175' title='bbox 172 2687 230 2750; x_wconf 88' lang='lat' dir='ltr'>bus</span> <span class='ocrx_word' id='word_1_176' title='bbox 246 2687 460 2765; x_wconf 84' lang='lat' dir='ltr'>tractabantur,</span> <span class='ocrx_word' id='word_1_177' title='bbox 480 2686 533 2746; x_wconf 88' lang='lat' dir='ltr'>sed</span> <span class='ocrx_word' id='word_1_178' title='bbox 547 2705 634 2766; x_wconf 87' lang='lat' dir='ltr'>aequo</span> <span class='ocrx_word' id='word_1_179' title='bbox 644 2685 708 2765; x_wconf 86' lang='lat' dir='ltr'>juri</span> <span class='ocrx_word' id='word_1_180' title='bbox 720 2685 942 2762; x_wconf 88' lang='lat' dir='ltr'>convenienter,</span> <span class='ocrx_word' id='word_1_181' title='bbox 958 2684 1071 2764; x_wconf 88' lang='lat' dir='ltr'>quique</span> <span class='ocrx_word' id='word_1_182' title='bbox 1084 2685 1125 2745; x_wconf 88' lang='lat' dir='ltr'>ita</span> <span class='ocrx_word' id='word_1_183' title='bbox 1140 2684 1199 2746; x_wconf 88' lang='lat' dir='ltr'>dis·</span> 
     </span>
     <span class='ocr_line' id='line_1_23' title="bbox 172 2783 1196 2868; baseline -0.004 -20"><span class='ocrx_word' id='word_1_184' title='bbox 172 2787 333 2868; x_wconf 86' lang='lat' dir='ltr'>ponebant,</span> <span class='ocrx_word' id='word_1_185' title='bbox 350 2787 562 2848; x_wconf 86' lang='lat' dir='ltr'>Constantinus</span> <span class='ocrx_word' id='word_1_186' title='bbox 576 2789 606 2846; x_wconf 90' lang='lat' dir='ltr'>et</span> <span class='ocrx_word' id='word_1_187' title='bbox 615 2783 759 2863; x_wconf 75' lang='lat' dir='ltr'>LiciniuS,</span> <span class='ocrx_word' id='word_1_188' title='bbox 768 2784 890 2864; x_wconf 84' lang='lat' dir='ltr'>justitiae</span> <span class='ocrx_word' id='word_1_189' title='bbox 905 2789 934 2844; x_wconf 90' lang='lat' dir='ltr'>et</span> <span class='ocrx_word' id='word_1_190' title='bbox 947 2784 1094 2864; x_wconf 88' lang='lat' dir='ltr'>aequitatis</span> <span class='ocrx_word' id='word_1_191' title='bbox 1109 2801 1196 2844; x_wconf 89' lang='lat' dir='ltr'>reve·</span> 
     </span>
     <span class='ocr_line' id='line_1_24' title="bbox 172 2883 1200 2966; baseline -0.001 -21"><span class='ocrx_word' id='word_1_192' title='bbox 172 2886 300 2946; x_wconf 89' lang='lat' dir='ltr'>rentiam</span> <span class='ocrx_word' id='word_1_193' title='bbox 323 2886 422 2966; x_wconf 89' lang='lat' dir='ltr'>reipsa</span> <span class='ocrx_word' id='word_1_194' title='bbox 440 2884 669 2965; x_wconf 88' lang='lat' dir='ltr'>profitebantur,</span> <span class='ocrx_word' id='word_1_195' title='bbox 696 2903 757 2945; x_wconf 92' lang='lat' dir='ltr'>non</span> <span class='ocrx_word' id='word_1_196' title='bbox 780 2883 956 2944; x_wconf 87' lang='lat' dir='ltr'>christianos</span> <span class='ocrx_word' id='word_1_197' title='bbox 979 2883 1116 2962; x_wconf 83' lang='lat' dir='ltr'>agebant,</span> <span class='ocrx_word' id='word_1_198' title='bbox 1141 2884 1200 2944; x_wconf 89' lang='lat' dir='ltr'>nisi</span> 
     </span>
    </p>
   </div>
   <div class='ocr_carea' id='block_1_3' title="bbox 173 2981 1292 3063">
    <p class='ocr_par' dir='ltr' id='par_1_5' title="bbox 173 2981 1292 3063">
     <span class='ocr_line' id='line_1_25' title="bbox 173 2981 1292 3063; baseline 0 -21"><span class='ocrx_word' id='word_1_199' title='bbox 173 2982 249 3043; x_wconf 88' lang='lat' dir='ltr'>forte</span> <span class='ocrx_word' id='word_1_200' title='bbox 262 2982 373 3062; x_wconf 88' lang='lat' dir='ltr'>quietis</span> <span class='ocrx_word' id='word_1_201' title='bbox 382 2983 509 3063; x_wconf 86' lang='lat' dir='ltr'>publicae</span> <span class='ocrx_word' id='word_1_202' title='bbox 524 3001 597 3042; x_wconf 89' lang='lat' dir='ltr'>cura</span> <span class='ocrx_word' id='word_1_203' title='bbox 609 2987 639 3042; x_wconf 93' lang='lat' dir='ltr'>et</span> <span class='ocrx_word' id='word_1_204' title='bbox 651 2982 888 3062; x_wconf 85' lang='lat' dir='ltr'>reparandarum</span> <span class='ocrx_word' id='word_1_205' title='bbox 902 2981 1083 3061; x_wconf 89' lang='lat' dir='ltr'>injuriarum</span> <span class='ocrx_word' id='word_1_206' title='bbox 1096 2982 1201 3042; x_wconf 91' lang='lat' dir='ltr'>volun·</span> <span class='ocrx_word' id='word_1_207' title='bbox 1288 3044 1292 3054; x_wconf 59' lang='grc'>,</span> 
     </span>
    </p>
   </div>
   <div class='ocr_carea' id='block_1_4' title="bbox 98 3077 1202 4046">
    <p class='ocr_par' dir='ltr' id='par_1_6' title="bbox 98 3077 1200 3238">
     <span class='ocr_line' id='line_1_26' title="bbox 98 3077 1200 3159; baseline 0 -19"><span class='ocrx_word' id='word_1_208' title='bbox 98 3111 101 3116; x_wconf 90' lang='grc'>-</span> <span class='ocrx_word' id='word_1_209' title='bbox 172 3085 228 3156; x_wconf 86' lang='lat' dir='ltr'>tas,</span> <span class='ocrx_word' id='word_1_210' title='bbox 241 3085 271 3140; x_wconf 87' lang='lat' dir='ltr'>et</span> <span class='ocrx_word' id='word_1_211' title='bbox 284 3079 412 3141; x_wconf 88' lang='lat' dir='ltr'>sanctior</span> <span class='ocrx_word' id='word_1_212' title='bbox 422 3079 502 3158; x_wconf 86' lang='lat' dir='ltr'>juris</span> <span class='ocrx_word' id='word_1_213' title='bbox 516 3079 756 3159; x_wconf 83' lang='lat' dir='ltr'>uniuscujusque</span> <span class='ocrx_word' id='word_1_214' title='bbox 774 3083 929 3158; x_wconf 88' lang='lat' dir='ltr'>respectus</span> <span class='ocrx_word' id='word_1_215' title='bbox 942 3077 1119 3140; x_wconf 87' lang='lat' dir='ltr'>christianos</span> <span class='ocrx_word' id='word_1_216' title='bbox 1134 3078 1200 3140; x_wconf 92' lang='lat' dir='ltr'>ani-</span> 
     </span>
     <span class='ocr_line' id='line_1_27' title="bbox 174 3177 469 3238; baseline -0.003 -1"><span class='ocrx_word' id='word_1_217' title='bbox 174 3195 240 3237; x_wconf 90' lang='lat' dir='ltr'>mos</span> <span class='ocrx_word' id='word_1_218' title='bbox 254 3177 469 3238; x_wconf 88' lang='lat' dir='ltr'>demonstrent.</span> 
     </span>
    </p>

    <p class='ocr_par' dir='ltr' id='par_1_7' title="bbox 169 3271 1202 4046">
     <span class='ocr_line' id='line_1_28' title="bbox 212 3271 1198 3354; baseline 0 -18"><span class='ocrx_word' id='word_1_219' title='bbox 212 3275 229 3336; x_wconf 87' lang='lat' dir='ltr'>J</span> <span class='ocrx_word' id='word_1_220' title='bbox 230 3293 280 3337; x_wconf 89' lang='lat' dir='ltr'>arn</span> <span class='ocrx_word' id='word_1_221' title='bbox 293 3295 364 3337; x_wconf 87' lang='lat' dir='ltr'>vero</span> <span class='ocrx_word' id='word_1_222' title='bbox 373 3275 524 3336; x_wconf 84' lang='lat' dir='ltr'>Eusebius</span> <span class='ocrx_word' id='word_1_223' title='bbox 536 3273 626 3336; x_wconf 86' lang='lat' dir='ltr'>tradit</span> <span class='ocrx_word' id='word_1_224' title='bbox 634 3271 832 3334; x_wconf 84' lang='lat' dir='ltr'>Maximinum</span> <span class='ocrx_word' id='word_1_225' title='bbox 846 3273 983 3354; x_wconf 84' lang='lat' dir='ltr'>sequenti</span> <span class='ocrx_word' id='word_1_226' title='bbox 996 3293 1073 3335; x_wconf 91' lang='lat' dir='ltr'>anno</span> <span class='ocrx_word' id='word_1_227' title='bbox 1087 3293 1105 3336; x_wconf 92' lang='lat' dir='ltr'>a</span> <span class='ocrx_word' id='word_1_228' title='bbox 1118 3273 1198 3336; x_wconf 89' lang='lat' dir='ltr'>Lici·</span> 
     </span>
     <span class='ocr_line' id='line_1_29' title="bbox 173 3373 1202 3456; baseline 0.002 -19"><span class='ocrx_word' id='word_1_229' title='bbox 173 3377 222 3438; x_wconf 93' lang='lat' dir='ltr'>nio</span> <span class='ocrx_word' id='word_1_230' title='bbox 235 3377 359 3454; x_wconf 83' lang='lat' dir='ltr'>rictum,</span> <span class='ocrx_word' id='word_1_231' title='bbox 374 3379 404 3436; x_wconf 88' lang='lat' dir='ltr'>et</span> <span class='ocrx_word' id='word_1_232' title='bbox 416 3375 573 3456; x_wconf 86' lang='lat' dir='ltr'>insanabili</span> <span class='ocrx_word' id='word_1_233' title='bbox 584 3375 689 3436; x_wconf 88' lang='lat' dir='ltr'>morbo</span> <span class='ocrx_word' id='word_1_234' title='bbox 704 3381 883 3455; x_wconf 87' lang='lat' dir='ltr'>oppressum</span> <span class='ocrx_word' id='word_1_235' title='bbox 893 3373 1011 3435; x_wconf 87' lang='lat' dir='ltr'>saevitiae</span> <span class='ocrx_word' id='word_1_236' title='bbox 1025 3375 1057 3435; x_wconf 90' lang='lat' dir='ltr'>in</span> <span class='ocrx_word' id='word_1_237' title='bbox 1067 3376 1202 3440; x_wconf 88' lang='lat' dir='ltr'>christia·</span> 
     </span>
     <span class='ocr_line' id='line_1_30' title="bbox 172 3473 1202 3552; baseline 0.002 -18"><span class='ocrx_word' id='word_1_238' title='bbox 172 3489 228 3534; x_wconf 90' lang='lat' dir='ltr'>nos</span> <span class='ocrx_word' id='word_1_239' title='bbox 247 3493 310 3534; x_wconf 84' lang='lat' dir='ltr'>suae</span> <span class='ocrx_word' id='word_1_240' title='bbox 324 3473 449 3533; x_wconf 77' lang='lat' dir='ltr'>demum</span> <span class='ocrx_word' id='word_1_241' title='bbox 462 3473 650 3552; x_wconf 89' lang='lat' dir='ltr'>poenituisse,</span> <span class='ocrx_word' id='word_1_242' title='bbox 664 3478 694 3534; x_wconf 90' lang='lat' dir='ltr'>et</span> <span class='ocrx_word' id='word_1_243' title='bbox 713 3478 873 3552; x_wconf 88' lang='lat' dir='ltr'>antequam</span> <span class='ocrx_word' id='word_1_244' title='bbox 887 3478 1057 3534; x_wconf 88' lang='lat' dir='ltr'>moreretur</span> <span class='ocrx_word' id='word_1_245' title='bbox 1070 3475 1202 3536; x_wconf 88' lang='lat' dir='ltr'>edictum</span> 
     </span>
     <span class='ocr_line' id='line_1_31' title="bbox 173 3571 1198 3652; baseline 0.002 -19"><span class='ocrx_word' id='word_1_246' title='bbox 173 3571 396 3652; x_wconf 89' lang='lat' dir='ltr'>perscripsisse,</span> <span class='ocrx_word' id='word_1_247' title='bbox 413 3591 472 3651; x_wconf 91' lang='lat' dir='ltr'>quo</span> <span class='ocrx_word' id='word_1_248' title='bbox 487 3572 568 3651; x_wconf 91' lang='lat' dir='ltr'>quod</span> <span class='ocrx_word' id='word_1_249' title='bbox 581 3577 667 3634; x_wconf 90' lang='lat' dir='ltr'>antea</span> <span class='ocrx_word' id='word_1_250' title='bbox 679 3572 788 3650; x_wconf 84' lang='lat' dir='ltr'>egisset</span> <span class='ocrx_word' id='word_1_251' title='bbox 798 3572 968 3649; x_wconf 77' lang='lat' dir='ltr'>excusabat,</span> <span class='ocrx_word' id='word_1_252' title='bbox 981 3571 1104 3652; x_wconf 88' lang='lat' dir='ltr'>suisque</span> <span class='ocrx_word' id='word_1_253' title='bbox 1114 3574 1198 3652; x_wconf 91' lang='lat' dir='ltr'>lega·</span> 
     </span>
     <span class='ocr_line' id='line_1_32' title="bbox 172 3670 1199 3751; baseline 0.003 -22"><span class='ocrx_word' id='word_1_254' title='bbox 172 3670 221 3747; x_wconf 89' lang='lat' dir='ltr'>lis,</span> <span class='ocrx_word' id='word_1_255' title='bbox 236 3690 297 3732; x_wconf 93' lang='lat' dir='ltr'>non</span> <span class='ocrx_word' id='word_1_256' title='bbox 311 3670 379 3748; x_wconf 90' lang='lat' dir='ltr'>sibi,</span> <span class='ocrx_word' id='word_1_257' title='bbox 393 3670 463 3730; x_wconf 90' lang='lat' dir='ltr'>vitio</span> <span class='ocrx_word' id='word_1_258' title='bbox 478 3671 653 3731; x_wconf 85' lang='lat' dir='ltr'>vertendam</span> <span class='ocrx_word' id='word_1_259' title='bbox 667 3689 733 3732; x_wconf 89' lang='lat' dir='ltr'>esse</span> <span class='ocrx_word' id='word_1_260' title='bbox 744 3671 984 3750; x_wconf 87' lang='lat' dir='ltr'>persecutionem</span> <span class='ocrx_word' id='word_1_261' title='bbox 999 3673 1199 3751; x_wconf 87' lang='lat' dir='ltr'>asseverabat,</span> 
     </span>
     <span class='ocr_line' id='line_1_33' title="bbox 169 3766 1200 3849; baseline -0.001 -20"><span class='ocrx_word' id='word_1_262' title='bbox 169 3767 355 3848; x_wconf 84' lang='lat' dir='ltr'>jubebatque</span> <span class='ocrx_word' id='word_1_263' title='bbox 378 3766 547 3829; x_wconf 87' lang='lat' dir='ltr'>christianis</span> <span class='ocrx_word' id='word_1_264' title='bbox 565 3769 687 3830; x_wconf 91' lang='lat' dir='ltr'>omnino</span> <span class='ocrx_word' id='word_1_265' title='bbox 704 3773 861 3849; x_wconf 88' lang='lat' dir='ltr'>parcerent</span> <span class='ocrx_word' id='word_1_266' title='bbox 874 3773 903 3829; x_wconf 90' lang='lat' dir='ltr'>et</span> <span class='ocrx_word' id='word_1_267' title='bbox 915 3768 1010 3829; x_wconf 90' lang='lat' dir='ltr'>libere</span> <span class='ocrx_word' id='word_1_268' title='bbox 1024 3773 1122 3829; x_wconf 90' lang='lat' dir='ltr'>coetus</span> <span class='ocrx_word' id='word_1_269' title='bbox 1136 3770 1200 3849; x_wconf 89' lang='lat' dir='ltr'>agi-</span> 
     </span>
     <span class='ocr_line' id='line_1_34' title="bbox 172 3865 1197 3946; baseline 0.002 -20"><span class='ocrx_word' id='word_1_270' title='bbox 172 3869 246 3944; x_wconf 86' lang='lat' dir='ltr'>tare,</span> <span class='ocrx_word' id='word_1_271' title='bbox 274 3871 305 3927; x_wconf 88' lang='lat' dir='ltr'>et</span> <span class='ocrx_word' id='word_1_272' title='bbox 329 3885 545 3946; x_wconf 67' lang='lat' dir='ltr'>quoscumque,</span> <span class='ocrx_word' id='word_1_273' title='bbox 561 3867 672 3928; x_wconf 85' lang='lat' dir='ltr'>vellent</span> <span class='ocrx_word' id='word_1_274' title='bbox 695 3867 772 3927; x_wconf 90' lang='lat' dir='ltr'>ritus</span> <span class='ocrx_word' id='word_1_275' title='bbox 795 3865 952 3927; x_wconf 90' lang='lat' dir='ltr'>observare</span> <span class='ocrx_word' id='word_1_276' title='bbox 969 3867 1197 3946; x_wconf 84' lang='lat' dir='ltr'>permitterent3</span> 
     </span>
     <span class='ocr_line' id='line_1_35' title="bbox 173 3963 1198 4046; baseline 0.001 -23"><span class='ocrx_word' id='word_1_277' title='bbox 173 3963 253 4042; x_wconf 90' lang='lat' dir='ltr'>dein,</span> <span class='ocrx_word' id='word_1_278' title='bbox 286 3964 395 4044; x_wconf 88' lang='lat' dir='ltr'>scripto</span> <span class='ocrx_word' id='word_1_279' title='bbox 417 3963 467 4024; x_wconf 83' lang='lat' dir='ltr'>vix</span> <span class='ocrx_word' id='word_1_280' title='bbox 491 3965 599 4043; x_wconf 90' lang='lat' dir='ltr'>edicto,</span> <span class='ocrx_word' id='word_1_281' title='bbox 629 3965 778 4046; x_wconf 88' lang='lat' dir='ltr'>perditam</span> <span class='ocrx_word' id='word_1_282' title='bbox 808 3963 940 4026; x_wconf 88' lang='lat' dir='ltr'>animam</span> <span class='ocrx_word' id='word_1_283' title='bbox 963 3966 1119 4028; x_wconf 81' lang='lat' dir='ltr'>exhalasse</span> <span class='ocrx_word' id='word_1_284' title='bbox 1142 3963 1198 4046; x_wconf 89' lang='lat' dir='ltr'>(l),</span> 
     </span>
    </p>
   </div>
   <div class='ocr_carea' id='block_1_5' title="bbox 205 4191 1204 4428">
    <p class='ocr_par' dir='ltr' id='par_1_8' title="bbox 205 4191 1204 4428">
     <span class='ocr_line' id='line_1_36' title="bbox 207 4191 1200 4259; baseline 0.004 -16"><span class='ocrx_word' id='word_1_285' title='bbox 207 4191 241 4258; x_wconf 87' lang='lat' dir='ltr'>(l)</span> <span class='ocrx_word' id='word_1_286' title='bbox 255 4193 322 4242; x_wconf 81' lang='lat' dir='ltr'>Nihil</span> <span class='ocrx_word' id='word_1_287' title='bbox 329 4192 362 4244; x_wconf 88' lang='lat' dir='ltr'>de</span> <span class='ocrx_word' id='word_1_288' title='bbox 369 4193 418 4244; x_wconf 89' lang='lat' dir='ltr'>hoc</span> <span class='ocrx_word' id='word_1_289' title='bbox 425 4193 550 4244; x_wconf 77' lang='lat' dir='ltr'>Maximini</span> <span class='ocrx_word' id='word_1_290' title='bbox 560 4195 650 4246; x_wconf 88' lang='lat' dir='ltr'>morbo</span> <span class='ocrx_word' id='word_1_291' title='bbox 658 4195 765 4246; x_wconf 80' lang='lat' dir='ltr'>Romani</span> <span class='ocrx_word' id='word_1_292' title='bbox 775 4195 904 4246; x_wconf 82' lang='lat' dir='ltr'>annalium</span> <span class='ocrx_word' id='word_1_293' title='bbox 914 4196 1052 4259; x_wconf 83' lang='lat' dir='ltr'>scriptores</span> <span class='ocrx_word' id='word_1_294' title='bbox 1062 4191 1200 4247; x_wconf 83' lang='lat' dir='ltr'>tradidere.</span> 
     </span>
     <span class='ocr_line' id='line_1_37' title="bbox 205 4277 1085 4332; baseline 0.002 -5"><span class='ocrx_word' id='word_1_295' title='bbox 205 4277 274 4329; x_wconf 87' lang='lat' dir='ltr'>Sext.</span> <span class='ocrx_word' id='word_1_296' title='bbox 290 4279 398 4329; x_wconf 80' lang='lat' dir='ltr'>Aunsnu</span> <span class='ocrx_word' id='word_1_297' title='bbox 415 4278 538 4330; x_wconf 83' lang='lat' dir='ltr'>Vrcrorus</span> <span class='ocrx_word' id='word_1_298' title='bbox 552 4279 584 4330; x_wconf 90' lang='lat' dir='ltr'>de</span> <span class='ocrx_word' id='word_1_299' title='bbox 599 4281 740 4332; x_wconf 86' lang='lat' dir='ltr'>Caesaribus</span> <span class='ocrx_word' id='word_1_300' title='bbox 750 4281 816 4332; x_wconf 82' lang='lat' dir='ltr'>liber</span> <span class='ocrx_word' id='word_1_301' title='bbox 830 4280 863 4331; x_wconf 87' lang='lat' dir='ltr'>dc</span> <span class='ocrx_word' id='word_1_302' title='bbox 876 4280 925 4330; x_wconf 89' lang='lat' dir='ltr'>boc</span> <span class='ocrx_word' id='word_1_303' title='bbox 938 4279 974 4330; x_wconf 87' lang='lat' dir='ltr'>lta</span> <span class='ocrx_word' id='word_1_304' title='bbox 988 4279 1066 4330; x_wconf 78' lang='lat' dir='ltr'>refert</span> <span class='ocrx_word' id='word_1_305' title='bbox 1078 4291 1085 4328; x_wconf 79' lang='lat' dir='ltr'>t</span> 
     </span>
     <span class='ocr_line' id='line_1_38' title="bbox 208 4361 1204 4428; baseline -0.002 -16"><span class='ocrx_word' id='word_1_306' title='bbox 208 4379 220 4406; x_wconf 72' lang='grc' dir='ltr'>ιι</span> <span class='ocrx_word' id='word_1_307' title='bbox 239 4362 302 4413; x_wconf 83' lang='lat' dir='ltr'>Dum</span> <span class='ocrx_word' id='word_1_308' title='bbox 316 4361 370 4414; x_wconf 81' lang='lat' dir='ltr'>hec</span> <span class='ocrx_word' id='word_1_309' title='bbox 384 4361 410 4413; x_wconf 88' lang='lat' dir='ltr'>in</span> <span class='ocrx_word' id='word_1_310' title='bbox 426 4363 496 4415; x_wconf 87' lang='lat' dir='ltr'>ltalia</span> <span class='ocrx_word' id='word_1_311' title='bbox 510 4368 643 4427; x_wconf 78' lang='lat' dir='ltr'>geruntur,</span> <span class='ocrx_word' id='word_1_312' title='bbox 659 4364 809 4416; x_wconf 79' lang='lat' dir='ltr'>Maximinus</span> <span class='ocrx_word' id='word_1_313' title='bbox 827 4365 860 4416; x_wconf 89' lang='lat' dir='ltr'>ad</span> <span class='ocrx_word' id='word_1_314' title='bbox 879 4363 1009 4416; x_wconf 84' lang='lat' dir='ltr'>Orientem</span> <span class='ocrx_word' id='word_1_315' title='bbox 1030 4368 1089 4428; x_wconf 87' lang='lat' dir='ltr'>post</span> <span class='ocrx_word' id='word_1_316' title='bbox 1108 4361 1204 4412; x_wconf 87' lang='lat' dir='ltr'>biennii</span> 
     </span>
    </p>
   </div>
   <div class='ocr_carea' id='block_1_6' title="bbox 0 0 1544 5046">
    <p class='ocr_par' dir='ltr' id='par_1_9' title="bbox 0 0 1544 5046">
     <span class='ocr_line' id='line_1_39' title="bbox 0 0 1544 5046; baseline 0 0"><span class='ocrx_word' id='word_1_317' title='bbox 0 0 1544 5046; x_wconf 95' lang='lat' dir='ltr'> </span> 
     </span>
    </p>
   </div>
  </div>
 </body>
</html>
