3054 5046
587 571 801 635 -97-‘

148 731 226 774 curn
252 711 399 791 episcopis
426 711 489 771 fere
516 709 751 789 quinquaginta,
786 707 897 787 quibus
926 706 991 787 ipse
1018 705 1181 782 niteretur,

149 809 237 870 venit
248 806 304 889 (l).
320 807 425 868 Adfuit
437 807 573 884 concilio,
588 812 621 866 ut
634 806 817 885 imperatum
831 810 906 886 erat,
922 803 1081 882 Dionysius
1093 803 1185 863 Cons-

45 903 49 910 “
149 907 263 968 tantini
277 906 405 985 legatus,
420 904 651 986 apparitoribus,
666 905 744 964 utin
763 923 797 966 re
816 904 939 981 lorensi,
954 904 1184 981 circumsessus,

150 1005 210 1086 qui
217 1005 411 1066 diaconorum
420 1004 499 1064 vices
513 1002 673 1083 explebant
681 1002 738 1082 (2),
751 1002 845 1063 audiit
858 1008 888 1062 et
900 1002 1015 1081 objecta
1022 1001 1148 1090 crimina
1155 1006 1184 1060 et

150 1103 200 1164 rei
214 1103 431 1181 defensionem,
444 1102 658 1181 legationisque
671 1100 824 1161 mittendae
837 1101 869 1159 in
875 1099 1050 1180 AEgyptum,
1066 1119 1134 1180 quaa
1147 1100 1184 1158 de

152 1201 251 1262 rebus
265 1201 398 1281 allegatis
411 1205 612 1279 cognosceret,
637 1203 811 1278 potestatem
834 1199 915 1259 dedit
933 1197 997 1279 (3);
1019 1199 1099 1276 dein,
1115 1217 1185 1259 cum
1249 1249 1251 1256 ,

154 1298 341 1359 Athanasius
364 1298 482 1377 atejus
505 1297 593 1358 amici
617 1297 834 1374 reclamarent,
856 1302 886 1356 et
907 1296 1008 1357 omnia
1021 1297 1187 1373 contrajus

157 1394 228 1455 fieri
241 1395 457 1475 praedicarent,
472 1395 511 1455 ad
524 1393 712 1473 imperatoris
729 1393 825 1472 ipsius
839 1391 989 1472 judicium
1002 1393 1185 1471 provocatio-

157 1512 243 1570 nem,
260 1492 369 1553 anxius
382 1492 456 1570 quid
466 1492 590 1569 laceret,
607 1491 719 1570 accepit
733 1489 789 1571 (4).

201 1589 384 1650 Athanasius
406 1608 466 1649 non
481 1587 660 1668 exspectavit
683 1588 757 1667 quid
772 1592 965 1667 sequeretur,
987 1588 1041 1648 sed
1059 1588 1138 1647 clam
1152 1606 1189 1646 ex

160 1688 239 1749 urbe
254 1706 407 1766 egressus,
428 1687 617 1767 imperatori,
642 1687 716 1745 dum
740 1685 1024 1766 Constantinopolim
1048 1685 1189 1762 intraret,

160 1787 285 1849 obvium
299 1806 365 1848 sese
381 1788 460 1847 ultro
479 1787 600 1863 obtulit,
624 1770 741 1865 sibique
764 1786 878 1847 illatam
891 1786 1034 1866 injuriam
1052 1786 1190 1846 destricte

163 1893 293 1965 questus
310 1890 357 1947 est
373 1883 428 1966 (5).
445 1884 618 1962 Fugitivum
636 1883 859 1960 Constantinus,
877 1883 1012 1943 adductis
1025 1883 1193 1962 superciliis

161 1985 289 2063 excepit,
305 2003 340 2044 ac
353 2002 462 2062 parum
471 1982 567 2044 abfuit
581 1982 655 2062 quin
668 2001 739 2042 eum
750 1981 872 2043 tractari
880 1980 1018 2042 acerbius
1028 1987 1057 2042 et
1067 2001 1105 2040 ex
1114 1981 1191 2042 urbe

108 2116 110 2120 ·
163 2082 232 2162 ejici
243 2081 430 2161 praeciperet.
446 2081 514 2143 Non
527 2080 622 2160 potuit
633 2086 736 2141 tamen
747 2081 817 2159 jure
831 2080 939 2141 factam
953 2080 1036 2141 adse
1050 2099 1192 2160 provoca-

45 2228 48 2234 .
164 2181 279 2242 tionem
294 2199 445 2241 recusare.

207 2277 343 2354 Interea,
358 2277 461 2338 relicta
474 2277 563 2355 Tyro,
576 2282 605 2336 et
617 2277 739 2338 absente
747 2277 915 2338 'Athanasio
928 2278 1079 2354 damnato,
1092 2277 1192 2338 conoi-

167 2376 265 2453 lium,
280 2380 315 2434 ut
323 2374 430 2434 litteris
443 2374 631 2453 imperatoris
636 2373 817 2453 jubebatur,
831 2375 1039 2453 Hierosolyma
1050 2393 1081 2435 se
1092 2380 1196 2435 contu-

170 2475 266 2550 lerat,
282 2478 315 2532 ut
330 2491 422 2534 sacrae
439 2473 512 2533 aedis
527 2472 703 2532 dedicationi
716 2471 891 2550 interesset,
910 2473 1080 2553 Ariumque
1094 2473 1126 2532 in
1141 2473 1197 2533 Ee-

169 2571 294 2632 clesiam
315 2571 414 2632 denuo
431 2570 586 2649 reciperet.
609 2569 726 2648 Nempe
742 2569 779 2628 id·
793 2570 883 2630 etiam
903 2571 1115 2631 Constantinus
1130 2569 1195 2630 fieri

167 2670 313 2748 jusserat,
332 2667 431 2748 addito
453 2688 469 2728 r<
488 2685 520 2727 se
540 2667 635 2746 fidem
654 2667 728 2726 Arii
746 2673 776 2728 et
794 2667 909 2728 Euzoii
924 2673 1123 2746 perspectam
1137 2669 1194 2727 ho-

172 2768 244 2828 bere
256 2766 311 2848 (6).
329 2787 346 2828 )>
1045 2814 1046 2818 ,
1150 2770 1152 2776 ’

214 2866 361 2927 Continuo
381 2865 447 2925 aliae
466 2863 655 2943 imperatoris
672 2864 779 2924 litterae
796 2864 833 2923 iis
852 2863 1021 2924 redduntur
1040 2865 1077 2926 de
1100 2864 1195 2924 Atha·
1227 2880 1229 2886 ·

173 2965 267 3026 nasio.
289 2961 482 3042 significabat
503 2962 714 3023 Constantinus
733 2981 765 3022 se
779 2962 894 3023 mutuis
912 2981 1019 3030 eorum
1032 2963 1198 3023 altercatio-

174 3062 265 3122 nibus
286 3061 402 3120 fessum
417 3060 481 3138 jam
501 3078 585 3136 esse,
601 3059 862 3138 querebaturque,
881 3060 963 3139 quod
975 3060 1109 3138 neglecto
1129 3077 1200 3138 erga

175 3159 274 3220 Deum
292 3158 446 3237 obsequio,
467 3158 579 3238 privata
593 3157 660 3219 odia
674 3158 786 3218 diutius
806 3177 892 3237 aequo
911 3164 1106 3234 exercerent3
1121 3177 1200 3219 com-

176 3256 364 3317 memorabat
373 3274 405 3316 se
415 3275 530 3335 suaque
540 3274 630 3335 opera
638 3255 783 3317 barbaros
794 3257 884 3317 etiam
896 3242 934 3317 ad
943 3256 1006 3318 veri
1016 3257 1072 3317 Dei
1084 3256 1200 3317 cultum

176 3355 305 3432 venisse,
316 3373 409 3434 quem
419 3353 570 3414 observari
585 3372 603 3413 a
616 3373 648 3414 se
662 3353 843 3433 defendique
853 3360 1059 3434 cognoverant.
1071 3354 1200 3415 Proinde

175 3451 284 3530 jubere
299 3471 331 3512 se
346 3456 380 3511 ut
393 3470 498 3511 omnes
511 3450 549 3512 ad
563 3469 595 3510 se
614 3451 899 3532 Constantinopolim
920 3458 1081 3531 properent
1099 3457 1198 3531 gesta-

178 3569 308 3631 rumque
322 3550 360 3612 ab
374 3550 447 3630 ipsis
456 3568 561 3610 rerum
576 3549 632 3610 sibi
642 3549 789 3611 rationem
802 3551 946 3626 reddant;
963 3570 995 3611 se
1010 3552 1201 3630 provisurum

213 3749 248 3814 (1)
268 3749 371 3808 Erras..
386 3749 497 3808 Hares..
511 3759 604 3809 nxvrn,
619 3762 645 3812 p.
661 3749 684 3798 7.
701 3775 734 3785 -
747 3748 857 3806 Arsin..
871 3749 994 3811 apolog,
1010 3763 1035 3811 p.
1050 3748 1108 3812 793,
1122 3749 1182 3799 797.

213 3831 248 3897 (2)
263 3833 368 3894 Euesa„
394 3834 446 3884 ru.
478 3834 580 3889 comt..
605 3843 640 3891 rv,
665 3831 706 3883 tt.
731 3859 765 3868 -
789 3833 929 3894 Arsinia,
953 3835 990 3884 cd
1016 3834 1204 3886 constandum

179 3919 303 3981 Apono„
318 3933 344 3982 p.
359 3917 418 3968 ΗΒ.

215 4002 247 4063 (5)
265 4004 408 4061 Arsinia,
424 4002 546 4064 apolog..
561 4016 587 4064 p.
600 4002 658 4052 789.

215 4085 250 4152 (l)
263 4088 407 4147 Arsanus,
421 4086 545 4149 Apoloo„
560 4100 585 4150 p.
603 4087 652 4136 790
665 4091 692 4136 et
705 4087 771 4136 suiv.

216 4169 250 4235 (5)
266 4169 413 4231 Turonos„
426 4172 497 4222 Htot.
514 4170 612 4226 eccles..
625 4170 644 4229 1,
660 4170 701 4222 50.
711 4171 872 4232 -Socmr,
891 4171 959 4222 Htrt.
975 4169 1072 4226 accus,
1089 4181 1106 4231 1,
1122 4169 1163 4220 tt.
1175 4196 1207 4206 -

183 4253 325 4316 arnonis,
336 4258 460 4320 Apoloo„
475 4269 501 4320 p.
517 4255 576 4306 804.

219 4339 253 4408 (6)
270 4340 393 4403 socam„
408 4343 479 4391 litat.
490 4340 588 4396 eccles..
603 4351 621 4400 r,
637 4338 679 4389 tl.

1078 4413 1081 4418 ’
1104 4441 1122 4499 7
