3054 5046
686 554 725 616 35
744 589 787 604 ..-

189 693 254 755 heri
277 694 488 771 merebantur3
512 695 587 776 quin
611 693 701 756 etiam
724 711 785 754 non
812 710 968 756 sacrorum
990 709 1144 753 eversores
1166 691 1220 753 sed

188 798 329 872 patronos
346 799 377 855 et
394 793 555 854 Pontifices
569 812 705 854 summos
725 792 866 872 agebant,
888 809 1019 870 quorum
1032 790 1220 870 praecipuum

188 910 303 954 munus
320 897 384 954 erat
397 911 458 953 non
474 893 506 952 in
520 911 553 954 re
568 910 771 972 quacumque,
783 890 833 950 cui
846 889 951 968 religio
969 889 1218 969 praetenderetur,

188 989 359 1066 connivere,
375 989 428 1050 sed
442 1008 510 1068 quae
525 989 668 1068 prodesse
681 988 727 1049 vel
743 1005 850 1048 nocere
864 991 985 1066 possent
1001 985 1171 1062 observare,
1192 992 1222 1048 et

156 1159 158 1162 v
187 1085 246 1148 alia
259 1087 421 1165 corrigere,
433 1086 668 1166 aliaprohihere,
678 1086 736 1147 alia
745 1085 834 1166 tueri.
850 1086 895 1147 Ita
908 1084 1095 1146 Domitianus
1115 1084 1219 1145 Ponti-

190 1181 256 1243 ficis
270 1183 393 1244 Maximi
407 1189 507 1264 partes
520 1185 636 1263 agebat,
652 1203 724 1244 cum
738 1187 981 1259 monumentum,
999 1183 1080 1261 quod
1095 1182 1222 1244 libertus

189 1283 257 1362 ejus
271 1303 288 1345 e
302 1283 452 1363 lapidibus
461 1285 573 1364 templo
584 1283 741 1363 Capitolini
747 1283 827 1344 lovis
834 1281 987 1343 destinatis
995 1281 1056 1342 filio
1066 1287 1221 1344 exstruxe-

160 1390 163 1396 '
189 1387 236 1441 rat
257 1381 337 1442 dirui
356 1401 411 1463 per
424 1383 547 1459 militm,
563 1401 690 1462 ossaque
708 1387 739 1442 et
758 1380 901 1460 reliquias
921 1399 989 1460 quae
1002 1379 1131 1458 inerant,
1144 1381 1221 1444 mari

189 1477 285 1556 mergi
297 1478 418 1556 juberet
432 1477 488 1561 (t)
500 1478 664 1540 Vetahatur
676 1483 777 1539 tamen
794 1497 832 1538 ne
846 1477 914 1558 quis
929 1478 1220 1559 sepulcraviolaret3

191 1577 243 1638 sed
261 1577 415 1658 principis,
436 1578 467 1639 id
488 1583 533 1640 est
549 1578 703 1639 Pontificis
721 1577 844 1640 Maximi
865 1569 929 1638 erat
941 1577 1097 1657 providere
1110 1597 1149 1640 ne
1163 1598 1224 1659 qua

189 1675 294 1754 religio
305 1675 441 1738 Deorum
455 1676 719 1738 contaminaretur.

228 1773 311 1832 Nihil
326 1779 371 1834 est
391 1774 482 1852 igitur
496 1794 552 1835 cur
565 1776 732 1836 evertendae
753 1773 906 1853 religionis
925 1774 1035 1836 veteris
1051 1775 1097 1834 vel
1116 1774 1223 1854 prohi-

187 1858 294 1932 bendae
305 1872 466 1932 consilium
475 1877 526 1934 aut
539 1873 658 1933 initium
670 1873 877 1953 deprehendas
890 1872 922 1932 in
935 1892 971 1934 eo
981 1873 1062 1953 quod
1076 1873 1220 1936 Constan-

190 1967 272 2027 tinus
286 1968 323 2028 de
338 1969 532 2049 haruspicina
547 1970 594 2030 vel
613 1969 735 2050 privatis
759 1969 914 2032 sacrificiis
935 1970 1096 2032 constituit.
1113 1971 1149 2032 In
1167 1972 1223 2032 hoc

80 2065 83 2072 '
165 2131 167 2136 ,
189 2065 265 2126 nihil
277 2067 344 2126 novi
354 2067 462 2145 inerat,
478 2067 553 2128 nihil
563 2069 644 2147 quod
654 2087 714 2128 non
727 2067 900 2147 pontificem
912 2069 1079 2132 Maximum
1091 2069 1221 2147 deceret,

190 2164 266 2225 nihil
283 2166 363 2246 quod
381 2185 443 2226 non
456 2171 543 2228 antea
556 2165 606 2225 alii
619 2170 700 2226 retro
714 2165 864 2246 principes
879 2166 960 2228 haud
974 2167 1068 2228 semel
1076 2167 1141 2246 jam
1155 2185 1223 2228 sau-

194 2261 320 2323 xissent.
337 2264 343 2275 '
1182 2325 1183 2328 ,

230 2361 308 2422 Item
322 2366 425 2441 postea
437 2359 579 2421 Jovianus
594 2359 757 2440 imperator
766 2360 799 2421 in
813 2380 849 2422 ea
858 2380 876 2422 a
885 2361 1049 2423 Themistio
1064 2361 1223 2440 magnifice

191 2463 341 2524 celebrata
351 2462 429 2540 lege,
439 2481 499 2541 qua
509 2461 676 2542 imperabat
689 2461 762 2521 utin
777 2462 902 2522 colenda
915 2461 1058 2540 religione
1074 2481 1129 2522 suo
1142 2464 1224 2541 quis-

192 2579 252 2640 que
262 2560 376 2640 judicio
390 2565 539 2637 uteretur,
560 2578 631 2620 cum
648 2559 761 2638 templa
774 2556 964 2638 patefaceret,
980 2560 1071 2620 simul
1086 2560 1221 2622 incanta-

190 2659 309 2719 tionum
319 2657 601 2738 praestigiarumque
615 2656 744 2716 sacraria
757 2655 986 2733 intercludebat,
1002 2674 1072 2716 cum
1082 2656 1223 2735 legitimis

190 2755 351 2818 sacrificiis
364 2753 467 2815 utendi
480 2753 631 2814 licentiam
645 2752 754 2832 cuique
768 2753 889 2831 faceret,
902 2752 1032 2832 magicas
1045 2759 1125 2814 artes
1133 2773 1222 2816 vene-

191 2853 322 2932 ficiaque
333 2852 455 2912 omnino
465 2850 587 2911 tollebat
596 2848 652 2932 (a).

228 2951 306 3012 Item
317 2944 347 3011 et
360 2948 587 3012 Valentinianus
597 2948 629 3008 in
642 2947 733 3008 simili
749 2947 815 3026 lege
829 2953 932 3027 quaet
945 2949 1119 3027 uuicuique
1136 2953 1221 3028 quod

191 3050 301 3110 animo
324 3047 507 3122 imbibisset,
530 3046 654 3106 colendi
677 3045 777 3105 libera
798 3047 937 3123 facultas
958 3047 1158 3110 tribuebatur
1176 3048 1221 3131 (3)
1313 3087 1317 3091 -

191 3145 373 3226 providerat,
389 3148 464 3204 teste
478 3143 653 3220 Themistio,
671 3161 709 3202 ne
724 3161 779 3222 per
791 3154 902 3204 nornen
912 3148 943 3204 et
956 3144 1087 3224 speciem
1100 3147 1220 3225 religio-

190 3243 237 3303 nis
257 3242 304 3302 vel
327 3259 426 3302 causae
449 3239 659 3320 perturbandae
683 3238 855 3319 reipublicae
878 3241 925 3301 vel
950 3241 1072 3303 latebrae
1103 3245 1221 3324 flagitiis

191 3343 403 3418 quaererentur
416 3336 472 3418 (ll).

229 3438 346 3498 Verum
355 3435 579 3512 Constantinus,
589 3439 734 3514 tanquam
743 3435 873 3512 timeret,
883 3455 921 3496 ne
936 3437 1084 3516 prohibito
1099 3440 1220 3519 privatae

189 3533 390 3614 haruspicinae
404 3537 434 3594 et
449 3537 636 3618 secretorum
650 3531 867 3592 sacrificiorum
887 3551 958 3612 usu,
975 3534 1103 3596 nimium
1118 3537 1174 3599 sibi
1189 3539 1221 3600 in
1290 3532 1295 3541 '

224 3798 258 3868 (t)
276 3802 400 3870 ¹Samon,
415 3802 528 3860 Domit,
542 3811 600 3850 ιιιι.

222 3897 257 3966 (2)
275 3894 326 3948 Kal
344 3891 404 3966 ἱερὰ,
417 3892 533 3964 ἀνοίγων,
558 3888 681 3946 ἀποκλείει
704 3891 916 3964 μαγγανευτὴρια·
939 3893 980 3944 καὶ
1003 3893 1089 3954 θυσίας
1111 3893 1222 3970 ἐννόμους

191 3973 277 4045 ἀφιεὶς,
294 3975 322 4027 οὐ
335 3968 435 4026 δίδωσιν
451 3969 534 4025 ἄδειαν
553 3977 606 4032 τοῖς
614 3969 784 4044 panicianum.
802 3979 984 4043 (l'unuisrnts,
997 3981 1223 4046 Orat.conaul.ad

190 4068 262 4124 lov„
274 4079 299 4129 p.
316 4065 358 4126 85,
374 4063 436 4114 edit.
454 4062 578 4121 Diodori.)

226 4148 260 4214 (ὅ)
277 4149 360 4199 Verba
374 4149 428 4210 ipsa
439 4145 605 4198 Valentiniani
620 4145 782 4207 imperatoris
790 4145 817 4196 in
827 4145 916 4196 codice
927 4146 1114 4210 Theodosiauo,
1129 4147 1221 4212 lih.1x,

193 4233 236 4284 tit.
256 4233 295 4294 ut,
310 4233 329 4282 l,
345 4233 371 4282 tl.

223 4317 260 4382 (t)
278 4317 415 4377 Tarsum,
431 4321 496 4368 orat.
512 4325 549 4365 ιιι
563 4315 602 4364 De
616 4313 809 4373 Religionibus,
825 4328 850 4378 p.
866 4313 925 4363 itti.
