3054 5046
609 947 808 1022 ERRATA.

196 1413 256 1477 Ρη.
270 1411 310 1472 ll,
321 1410 367 1460 lin.
381 1409 407 1470 8,
416 1421 469 1472 pro
479 1407 550 1460 multi
563 1409 651 1472 etiam,
661 1415 699 1472 ut,
709 1410 801 1476 conjici
816 1417 932 1475 potest...
944 1412 997 1474 leae
1007 1410 1080 1461 multi
1095 1411 1183 1473 etiam,
1193 1418 1222 1462 ut

229 1495 321 1558 coniici
335 1499 464 1559 potest...

197 1582 254 1646 Ρη.
270 1579 353 1640 ll,lin
364 1577 408 1639 id,
416 1591 468 1642 pro
479 1577 609 1631 pontificis
618 1579 729 1641 llaximi,
741 1592 834 1631 nomen
849 1563 1018 1644 usurpabat...
1029 1581 1077 1644 lea.
1096 1581 1223 1632 pontificis
1323 1637 1325 1641 ¹

227 1664 327 1716 Maximi
340 1676 433 1716 nomen
446 1664 628 1728 usurpabat...

197 1750 257 1815 Ρη.
274 1749 315 1810 18,
328 1749 374 1799 lin.
388 1747 431 1812 25,
442 1761 495 1812 pro
506 1754 623 1800 veterum
635 1748 728 1801 lanulis
739 1748 925 1802 valedixisse...
941 1751 991 1813 lep.
1006 1755 1125 1822 veterum
1131 1748 1223 1800 fabulis

230 1833 425 1884 valedixisse...

197 1918 255 1982 Ρη.
268 1916 312 1978 66,
324 1917 350 1968 in
359 1917 447 1969 ultima
462 1917 539 1980 linea,
552 1930 604 1981 pro
614 1917 723 1969 animam
737 1917 881 1982 exhalasse,
892 1917 1039 1983 quamvis...
1048 1919 1097 1980 lep.
1115 1918 1223 1969 animam

158 2042 160 2048 .
228 2003 371 2055 exhalasse.
381 2004 544 2066 Quamvis...
636 2050 640 2059 .

196 2087 256 2153 Ρη.
277 2089 320 2151 td,
335 2088 361 2138 in
376 2087 464 2140 ultima
478 2088 553 2152 linea,
564 2101 617 2153 pro
634 2100 667 2140 an
685 2099 743 2141 xasa
757 2099 904 2140 cavasanae
919 2099 1100 2142 namnncxo...
1120 2089 1169 2151 lea.
1192 2097 1224 2138 aa

231 2183 286 2223 msa
298 2175 445 2223 tnvnsnnna
459 2183 635 2224 anneuscxns.
645 2209 670 2224 ..

198 2257 258 2320 Ρη.
273 2255 316 2319 l8,
331 2254 377 2306 lin.
391 2256 434 2317 id,
446 2268 499 2319 pro
512 2268 675 2310 exnintnts...
692 2259 741 2319 lep.
762 2267 919 2310 nxmxtsns.
929 2295 953 2310 ..

197 2341 257 2405 Ρη.
272 2341 316 2401 60,
328 2341 374 2392 lin.
385 2340 428 2402 20,
440 2354 493 2405 pro
507 2354 573 2393 anno
587 2341 670 2394 366...
684 2342 733 2405 lep.
751 2354 818 2392 anno
828 2341 888 2392 ³³26.
898 2377 921 2392 ..
1289 2389 1293 2396 .

198 2425 259 2490 Pap.
273 2424 316 2488 55,
333 2425 378 2476 lin.
394 2427 419 2488 8,
437 2437 490 2488 pro
499 2426 639 2481 Constantii
653 2431 680 2477 ct
694 2426 866 2477 constantii...
881 2426 930 2487 lep.
951 2423 1092 2476 constantii
1101 2429 1128 2475 et
1141 2424 1225 2474 Cons-

231 2511 318 2562 tantis.
328 2546 351 2561 ..

197 2593 255 2659 Ρη.
269 2593 312 2659 til,
321 2594 369 2645 lin.
379 2593 423 2656 29,
430 2605 481 2656 pro
493 2593 618 2656 apollinis
627 2592 740 2656 Delphici
750 2592 901 2656 tripodem..
910 2593 959 2655 lca.
978 2591 1101 2656 Apollinis
1109 2589 1224 2654 Delphici

229 2680 410 2742 tripodem...
1241 2676 1244 2682 '

196 2765 259 2832 Ρη.
274 2765 317 2827 56,
332 2770 386 2815 not.
403 2763 430 2825 2,
443 2775 494 2826 pro
506 2752 721 2826 σπινθῆρακακῶν.
740 2760 810 2823 dep.
831 2751 955 2824 σπινθῆρα
967 2753 1092 2806 κακῶν...

197 2849 258 2914 Ρη.
276 2848 319 2911 ds,
335 2847 381 2898 lin.
397 2847 438 2909 iti,
451 2858 502 2910 pro
515 2857 607 2909 nempe
621 2857 651 2894 ea
665 2843 762 2894 verti...
778 2843 826 2906 lca.
845 2855 936 2906 nempe
953 2854 983 2892 ea
996 2840 1088 2892 everti.
1098 2875 1122 2891 ..

197 2935 257 2999 Ρη.
278 2934 311 2994 tid
323 2934 369 2983 lin.
389 2934 415 2994 8,
427 2944 479 2995 pro
492 2937 537 2982 aut
550 2929 696 2981 cnnsnlatus
709 2928 805 2980 mentio
820 2929 893 2980 deest
907 2939 991 2992 qun...
1002 2927 1051 2988 lep.
1072 2931 1115 2976 aut
1128 2936 1226 2975 consu-

231 3019 297 3070 latus
313 3019 409 3071 mentio
423 3017 508 3077 deest,
523 3026 617 3080 quc...

199 3102 257 3166 Ρη.
282 3103 325 3164 69,
342 3104 368 3151 in
389 3101 476 3152 ultima
498 3101 574 3162 linea,
596 3111 648 3162 pro
671 3111 718 3150 nec
739 3098 899 3150 cessantibus
917 3094 1089 3146 Donastitis...
1109 3094 1158 3155 lep.
1180 3103 1228 3142 nec

233 3185 391 3236 cessantibus
400 3185 548 3236 Donatistis.
559 3219 582 3234 ..

200 3267 261 3332 Ρη.
277 3267 321 3330 66,
335 3267 379 3317 lin.
398 3266 441 3328 tc,
459 3279 512 3329 pro
528 3268 595 3318 inter
609 3264 733 3320 ducentos
747 3267 943 3332 antamplnis...
958 3265 1007 3327 lep.
1027 3264 1094 3314 inter
1106 3261 1229 3312 ducentos

234 3360 278 3404 ant
292 3349 445 3415 amplius...
