3054 5046
646 569 808 635 ..15-

210 717 326 794 quanta
341 711 490 772 industria
504 728 579 770 usus
596 709 808 772 Constantinus
816 707 933 770 bellum
942 708 1058 788 paranti
1067 707 1242 787 occurrerit,

210 829 346 891 eumque
359 810 397 872 ad
412 814 535 891 pontem
548 807 696 888 Milvium,
711 827 805 889 prope
820 807 912 869 Urbis
924 807 1048 886 moenia,
1063 807 1096 868 in
1110 807 1173 869 acie
1186 808 1242 868 de-

212 909 328 970 vicerit.

253 1006 533 1069 Ecclesiasticarum
553 1025 658 1068 rerum
680 1005 840 1086 scriptores
862 1004 1092 1066 Constantinum
1109 1004 1243 1083 tradunt,

143 1112 150 1120 '
211 1105 393 1185 priusquam
405 1104 523 1166 bellum
536 1104 754 1184 auspicaretur,
771 1102 823 1163 diu
839 1121 944 1163 secum
956 1102 1099 1188 cogitasse
1114 1120 1246 1182 quarum

212 1202 347 1283 partium
364 1203 474 1264 ducem
492 1222 523 1264 se
543 1203 655 1263 faceret
676 1199 737 1283 (5);
756 1190 939 1262 institutisne
955 1200 1067 1263 Galerii
1081 1200 1245 1279 insisteret,

213 1306 246 1362 et
262 1301 439 1362 christianos
446 1305 480 1361 ut
490 1300 639 1377 factiosos,
651 1304 686 1359 ut
695 1298 831 1379 publicos
839 1301 940 1360 hostes
949 1298 1085 1377 haberet,
1097 1318 1136 1360 an
1146 1317 1247 1360 exem·
1295 1363 1298 1374 ,

213 1398 302 1478 plum
326 1397 489 1469 Constantii
512 1397 604 1479 patris
628 1390 750 1460 secutus
771 1416 853 1458 novae
877 1395 1030 1476 religionis
1049 1396 1248 1478 patrocinium

214 1501 395 1576 capesseret.

254 1592 383 1674 Jamque
397 1612 433 1655 eo
444 1611 493 1654 res
512 1591 747 1654 christianorum
760 1596 905 1652 venerant
918 1595 952 1651 ut
972 1609 1079 1676 corum
1100 1591 1176 1652 ratio
1188 1593 1245 1652 ha-

213 1691 314 1753 benda
334 1697 423 1753 esset.
444 1691 489 1753 Ea
508 1695 589 1752 certe
604 1695 682 1752 stant
699 1690 871 1770 vigentque,
892 1708 960 1770 quae
974 1709 1030 1750 nec
1048 1689 1160 1750 mutari
1174 1707 1246 1769 pos·

214 1795 287 1851 sunt
299 1807 356 1850 nec
369 1789 459 1850 obrui
466 1809 474 1865 ;
485 1789 584 1851 valida
598 1793 669 1849 sunt
682 1807 762 1868 quae,
777 1787 868 1849 etiam
882 1787 908 1848 si
920 1788 1090 1870 impuleriS,
1106 1787 1250 1849 resistunt

216 1894 246 1950 et
258 1893 447 1968 permanent.
461 1887 701 1949 Christianorum
714 1891 816 1948 autem
827 1886 963 1967 societas,
974 1887 1111 1967 quamvis
1121 1885 1247 1948 saevien-

217 1985 299 2046 tibus
311 1985 530 2066 imperatorum
542 1985 646 2047 edictis
666 1983 826 2063 debellata,
840 1984 915 2065 quid
928 1989 1028 2065 posset
1041 1989 1251 2065 quantumque

218 2083 345 2162 polleret
359 2083 499 2163 patientia
512 2083 692 2161 ostenderat,
709 2083 894 2163 callumque,
909 2088 943 2143 ut
958 2083 999 2144 ita
1008 2083 1118 2161 dicam,
1133 2101 1188 2164 per
1199 2083 1249 2143 in·

213 2181 310 2260 jurias
323 2180 460 2244 duxerat.
477 2181 617 2244 Galerius
633 2181 777 2260 moriens,
799 2186 829 2242 ct
848 2180 978 2243 Sabinus
993 2181 1150 2243 Maximini
1168 2199 1249 2261 praa-

215 2279 313 2341 iectus
340 2280 435 2341 lassas
461 2299 675 2360 percussorum
702 2299 811 2341 manus
833 2279 891 2361 ipsi
921 2279 1128 2358 cohibuerant,
1155 2297 1248 2359 seque

216 2378 302 2440 nulla
324 2378 438 2440 ratione
456 2379 589 2439 ferocem
605 2377 684 2439 hanc
702 2377 878 2440 animorum
895 2379 1115 2439 contumaciam
1136 2377 1250 2438 exstin-

218 2496 312 2556 guere
333 2497 420 2558 posse
441 2477 580 2556 confessi,
603 2497 696 2558 quam
714 2479 827 2540 tollere
846 2496 906 2538 non
922 2482 1060 2557 poterant
1080 2476 1251 2538 libertatem

219 2573 319 2635 denuo
337 2575 460 2636 concedi
475 2575 639 2655 jusserant.

259 2671 365 2734 Oritur
389 2692 428 2734 ex
459 2671 610 2753 praeterito
641 2672 811 2735 consilium.
847 2671 921 2743 Quae
957 2690 1054 2751 quum
1087 2671 1120 2731 in
1150 2677 1254 2734 mente

221 2770 434 2834 Constantinus
453 2770 587 2850 agitaret,
614 2775 644 2831 et
670 2770 728 2831 sibi
750 2769 783 2831 in
805 2768 984 2830 memoriam
1006 2774 1160 2830 revocaret
1182 2787 1251 2848 quae

220 2859 327 2930 fuisset
341 2867 454 2930 Galerii
470 2868 557 2947 ratio,
573 2887 633 2949 quo
651 2867 802 2949 proposita
818 2861 988 2945 cessissent,
1005 2871 1117 2949 quanta
1134 2866 1251 2945 fuisset,

221 2987 256 3028 cc
281 2967 465 3049 imperante,
488 2985 594 3028 rerum
619 2965 652 3027 in
678 2967 742 3029 fere
768 2971 829 3028 toto
857 2964 930 3028 orbe
958 2965 1155 3047 perturbatio,
1185 2965 1254 3045 quis

221 3064 343 3126 landem
362 3063 473 3142 exitus,
497 3082 651 3144 quamque
674 3063 833 3144 indignum
854 3062 989 3144 principe
1007 3061 1114 3124 fuisset
1133 3061 1251 3142 palino-

221 3159 314 3239 diam,
333 3165 367 3220 ut
384 3159 480 3239 aiunt,
503 3179 629 3237 canere3
644 3166 675 3221 et
691 3165 804 3239 contra,
826 3179 919 3241 quam
940 3159 1022 3220 utilis
1040 3159 1129 3240 patri,
1151 3165 1252 3240 pater-

226 3276 335 3338 naeque
356 3259 444 3320 famae
468 3263 498 3320 et
516 3258 590 3340 ipsis
612 3258 717 3320 Galliis
737 3259 853 3338 fuisset,
879 3257 1043 3320 Constantii
1064 3277 1136 3337 erga
1156 3257 1254 3318 chris-

223 3355 320 3417 tianos
347 3356 559 3435 mansuetudo,
592 3375 652 3418 non
683 3355 873 3418 mediocriter
900 3355 1071 3436 ambigebat
1097 3355 1171 3436 quid
1198 3356 1255 3416 sibi

221 3456 375 3536 agendum
395 3461 484 3518 esset.
510 3456 590 3518 Hinc
608 3457 691 3518 enim
711 3456 859 3519 celebrata
878 3457 1016 3538 priorum
1037 3456 1254 3536 imperatorum

222 3554 407 3615 consuetudo
428 3556 459 3615 et
481 3559 597 3616 servata
616 3555 654 3616 ad
674 3556 756 3616 hunc
774 3553 855 3616 diem
874 3554 994 3635 imperii
1015 3555 1139 3616 consilia
1159 3573 1251 3635 urge-

221 3649 314 3713 bant:
329 3651 503 3730 Rcligiones
515 3670 609 3733 penes
622 3651 772 3733 principes
782 3670 860 3730 csse,
875 3671 975 3733 neque
986 3670 1108 3733 parvam
1121 3652 1255 3733 Rempu-

222 3747 334 3812 blicam
349 3749 382 3810 in
399 3769 508 3829 magna
527 3749 580 3811 illa
593 3755 624 3811 et
638 3769 710 3811 vera
726 3750 835 3831 Populi
848 3751 978 3813 Romani
994 3750 1160 3831 Republica
1176 3751 1252 3811 tole-

223 3847 360 3909 rendam.
379 3848 459 3909 Hinc
476 3853 545 3910 ante
563 3849 666 3910 oculos
679 3848 747 3909 novi
761 3848 910 3928 homines,
927 3850 992 3930 jam
1006 3849 1111 3930 plures
1128 3859 1274 3951 nume·

224 3948 258 4005 ut
275 3945 363 4006 obrui
381 3947 511 4027 possint,
531 3965 567 4008 ea
582 3946 691 4026 pietate
705 3951 740 4007 ut
752 3947 843 4010 vitam
857 3947 956 4028 potius
973 3966 1066 4027 quam
1084 3952 1257 4028 conceptam

225 4041 262 4104 de
276 4044 340 4106 Deo
349 4045 522 4125 opinionem
535 4063 647 4127 ponere
656 4045 773 4125 malint,
788 4046 862 4109 adeo
871 4045 962 4108 validi
976 4050 1010 4106 ut
1025 4043 1257 4130 imperatoribus

259 4265 293 4333 l5)
311 4267 416 4333 busan,
435 4269 489 4323 Vis.
506 4269 608 4328 conat,
621 4281 676 4332 cap.
692 4267 722 4317 al
739 4273 766 4319 ct
779 4267 845 4320 suiv.
861 4295 892 4305 -
907 4269 1053 4333 sommas,
1068 4269 1141 4322 fltat.
1157 4268 1257 4328 eccae,

227 4361 245 4416 ι,
262 4352 288 4403 r.
400 4410 405 4414 ,
525 4392 527 4396 .
