3054 5046
738 515 898 578 ..⁸76..⁶

302 673 318 713 u
341 651 448 714 divitiis
464 651 635 712 sustentari.
650 651 684 711 P.
700 649 735 710 P.
754 649 881 710 Kalend.
897 649 968 710 lun.
986 650 1178 710 Constantino
1188 651 1226 710 A.
1236 651 1292 712 VII
1303 655 1333 710 et

303 768 318 808 a
342 751 500 812 Constante
516 749 634 809 Caesare
650 749 733 808 Coss.
750 745 904 828 (326)(1).
923 766 938 806 i>

221 847 228 858 ’
340 849 396 909 His
409 849 434 909 si
447 849 546 926 legem
567 847 657 908 aliam
671 845 802 908 Serdicae
816 863 894 906 anno
908 845 967 906 330
981 865 999 906 a
1014 846 1207 908 Constantino
1231 847 1334 908 datam

302 946 459 1027 adjeceris,
471 963 531 1024 qua
546 946 683 1019 lectores,
700 944 937 1022 hypodiaconos
952 949 981 1004 et
995 949 1122 1006 cataros
1137 946 1264 1006 clericos
1279 947 1335 1006 mi·

302 1045 383 1106 nime
397 1044 435 1104 ad
448 1043 549 1104 curias
564 1043 699 1104 devocari
712 1047 742 1104 et
759 1041 949 1103 immunitate
972 1042 1146 1122 plenissima
1168 1042 1256 1123 potiri
1278 1044 1333 1123 ju·

271 1145 274 1154 '
302 1145 353 1206 bet
372 1141 428 1225 (ᾖ),
445 1142 546 1203 omnia
563 1140 687 1202 habebis
702 1159 770 1220 quae
786 1141 822 1200 de
837 1139 1017 1201 clericorum
1030 1141 1220 1202 immunitate
1235 1142 1333 1202 Cons-

302 1242 436 1304 tantinus
450 1240 558 1302 sanxit.

343 1339 418 1411 Quis
432 1344 534 1400 autern
547 1337 595 1399 his
616 1335 819 1398 sanctionibus
843 1336 1072 1398 Constantinum
1096 1337 1188 1398 rebus
1209 1357 1336 1419 prorsus

305 1436 519 1498 Ecclesiasticis
547 1434 743 1496 intervenisse
767 1433 881 1512 neget?
904 1434 1045 1496 Civilium
1068 1440 1147 1496 certe
1170 1453 1336 1520 munerum

304 1534 524 1596 immunitatem
539 1533 657 1594 deferre
671 1533 717 1592 vel
733 1531 867 1593 abnuere
883 1551 976 1612 penes
990 1533 1216 1612 imperatoriam
1229 1537 1335 1593 aucto-

305 1634 422 1695 ritatem
436 1638 510 1708 erat,
527 1635 629 1711 utpote
643 1649 711 1711 quae
727 1630 898 1690 communis
918 1629 1052 1692 utilitatis
1061 1632 1168 1709 judex,
1185 1630 1337 1710 quomodo

305 1729 432 1809 publicis
457 1728 684 1790 necessitatibus
710 1727 932 1804 subveniretur,
958 1728 1107 1788 statuendi
1125 1729 1177 1808 jus
1199 1729 1335 1790 haberet.

305 1827 373 1888 Non
384 1833 486 1888 autem
501 1826 550 1888 hic
563 1826 601 1886 de
616 1844 756 1886 concessa
769 1824 852 1885 novis
867 1825 1041 1886 hominibus
1053 1826 1215 1888 curialium
1227 1846 1338 1888 mune-

307 1944 376 1984 rum
391 1924 582 1986 immunitate
595 1923 703 2002 agitur.

346 2022 464 2083 Scilicet
478 2022 575 2095 delata
587 2026 702 2081 temere
716 2021 832 2080 clericis
847 2020 981 2081 civilium
996 2021 1166 2083 officiorum
1182 2024 1294 2085 vacatio
1308 2025 1340 2084 id

307 2121 457 2196 effecerat,
473 2125 507 2180 ut
521 2119 620 2196 multi,
637 2137 712 2198 quos
728 2137 788 2179 non
802 2119 896 2197 pietas
915 2119 1025 2180 eximia
1038 2119 1139 2180 forsan
1158 2140 1215 2181 neo
1238 2121 1337 2182 chris-

307 2217 394 2278 tianae
419 2215 571 2294 religionis
594 2214 740 2292 studium,
755 2221 785 2276 at
803 2215 918 2276 nomini
931 2217 1107 2276 immunitas
1121 2216 1273 2278 inhaerens
1288 2237 1339 2279 ac·

307 2312 462 2391 condebat,
479 2313 511 2372 in
524 2312 702 2373 clericorum
717 2331 881 2373 numerum
894 2313 1081 2374 accederent.
1091 2312 1136 2374 Ita
1148 2314 1209 2391 alii,
1227 2314 1340 2394 quibus

307 2430 464 2490 exgenere
475 2411 686 2472 decurionatus
699 2411 896 2490 competebat,
910 2411 960 2472 alii
968 2430 1044 2490 quos
1052 2411 1096 2472 rei
1106 2411 1263 2472 familiaris
1269 2432 1340 2473 con-

308 2510 379 2571 ditio
392 2509 555 2572 tolerandis
569 2509 705 2570 civilibus
719 2509 871 2588 obsequiis
885 2509 1008 2569 idoneos
1021 2509 1190 2588 praestabat,
1201 2509 1234 2571 in
1244 2529 1337 2590 quas·

308 2606 381 2667 libet
394 2606 607 2680 ecclesiasticas
623 2606 802 2683 functiones,
816 2605 898 2668 velut
912 2605 1059 2666 intutum
1082 2606 1210 2667 avaritiae
1228 2625 1263 2667 ac
1282 2607 1337 2668 de-

310 2705 393 2765 sidiae
419 2704 593 2784 perfugium
613 2723 646 2764 se
668 2703 871 2782 conferebant,
895 2693 976 2764 unde
998 2723 1050 2764 eos
1072 2705 1232 2765 exturbare
1256 2705 1341 2766 nefas

310 2808 385 2865 erat.
407 2803 550 2882 Dumque
566 2803 800 2882 supramodum
820 2802 1001 2862 clericorum
1019 2821 1167 2862 numerus
1182 2809 1341 2880 cresceret,

303 2902 492 2980 languebant
506 2901 632 2961 desertis
647 2898 739 2960 curiis
752 2899 894 2977 civitates,
910 2900 957 2961 vel
971 2899 1091 2980 publiea
1106 2900 1204 2962 officia
1223 2901 1339 2962 tenuis-

311 2999 403 3060 simos
426 3000 603 3060 obruebant.
624 2999 688 3059 Nec
708 3003 821 3076 tamen,
845 3004 879 3058 ut
904 2998 1048 3077 diximus,
1070 2999 1137 3060 data
1160 3000 1254 3060 semel
1275 3000 1338 3060 cle-

311 3096 381 3157 ricis
406 3097 560 3176 privilegia
582 3095 695 3156 auferri
721 3097 768 3156 vel
798 3096 954 3157 extenuari
976 3097 1139 3178 imperator
1161 3099 1265 3176 voluit,
1286 3100 1339 3160 sed

311 3194 409 3254 tribus
421 3193 553 3254 vicissim
566 3194 684 3273 legibus
699 3193 735 3254 de
750 3194 897 3255 electione
910 3195 957 3255 vel
977 3197 1128 3257 missione
1152 3197 1341 3258 clericorum

313 3295 420 3372 sanxit,
436 3299 580 3374 tauquam
596 3293 633 3355 de
648 3293 794 3354 militibus
817 3295 1041 3356 conscribendis
1053 3297 1100 3358 vel
1115 3296 1342 3358 exauctorandis

313 3397 464 3470 ageretur.
937 3405 938 3408 ’

250 3562 254 3568 ,
353 3489 470 3570 Nempe
483 3509 625 3570 expresse
639 3496 717 3551 vetat
730 3511 768 3552 ne
782 3490 851 3571 quis
869 3491 984 3551 clericis
1004 3492 1195 3571 adjungatur,
1213 3493 1266 3572 qui
1286 3493 1339 3552 do-

227 3605 230 3614 *
314 3589 397 3649 curio
412 3588 458 3649 vel
474 3589 634 3649 decurione
648 3589 833 3668 progenitus
855 3590 901 3649 vel
924 3590 1114 3651 facultatibus
1137 3591 1253 3652 idoneis
1276 3592 1340 3652 ins-

314 3692 441 3766 tructus,
465 3693 495 3748 ct
512 3687 658 3749 obeundis
691 3687 819 3767 publicis
845 3688 1024 3750 muneribus
1047 3695 1235 3770 opportunus
1257 3689 1341 3750 inve-

314 3786 425 3846 niatur.
883 3788 885 3791 ’

355 3884 444 3946 Jubet
457 3885 547 3946 etiam
561 3903 624 3962 eos,
639 3885 691 3964 qui
710 3903 763 3966 spe
787 3884 969 3946 declinandae
989 3887 1092 3965 curiae,
1109 3887 1288 3948 clericorum
1314 3907 1345 3948 sc

316 3982 462 4043 consortio
481 3982 666 4060 sociaverint,
690 4002 761 4042 cum
785 3988 814 4043 et
836 4002 946 4064 genere
967 3985 1013 4045 vel
1038 3985 1166 4046 fortunis
1186 3986 1224 4046 ad
1248 3986 1342 4047 civilia

350 4228 385 4294 (l)
405 4227 469 4280 cod.
488 4229 623 4287 modos„
634 4226 678 4279 lib.
694 4239 748 4289 rvr,
763 4228 802 4277 tit.
818 4227 844 4286 i,
860 4227 878 4277 Ι.
894 4228 918 4278 θ.

350 4312 385 4380 (a)
405 4314 466 4366 cod.
481 4314 619 4375 Theodos„
631 4313 676 4365 lib.
692 4325 745 4377 xvi,
761 4319 780 4366 t.
793 4313 818 4378 t,
834 4314 853 4366 1.
869 4314 895 4364 7.
