3054 5046
601 583 763 649 ..ffl-

166 738 252 783 sacra
265 726 366 782 vetera
380 721 462 801 parvi
475 721 580 783 secisse
594 723 808 803 imperatorem
825 721 1031 800 comprobant,
1047 720 1197 800 praecipue

166 839 238 880 cum
253 820 321 879 haec
335 819 472 899 exempla
491 821 645 882 rarissima
659 821 763 898 luisse,
779 837 833 899 pro
853 819 1038 899 templorum
1055 818 1195 879 multitu-

166 918 234 978 dine
250 922 375 978 coustet.
395 917 457 978 Sub
467 918 531 998 ipso
547 918 713 980 Theodosio
731 919 757 978 si
771 918 844 997 quid
864 918 988 978 Libanio
1006 917 1150 995 creditur,
1163 937 1198 978 ea

165 1019 285 1076 tantum
306 1016 451 1077 sacrificia
472 1036 541 1096 quae
564 1018 631 1078 fuso
652 1017 804 1097 pecudum
825 1016 970 1095 sanguiue
993 1016 1116 1093 fiebant,
1136 1035 1197 1076 non

166 1113 290 1172 omnino
305 1114 450 1175 sacrificia
459 1115 644 1176 vetabantur.
657 1115 726 1176 Non
735 1114 820 1193 ignes
830 1115 890 1175 aris
900 1113 1103 1193 ejicibiantur3
1115 1119 1195 1192 ture,

165 1211 272 1272 nidore
286 1218 376 1291 atque
390 1213 473 1274 fumo
488 1215 656 1286 sacrificare
674 1213 904 1294 permittebatur
917 1210 978 1294 (l);
996 1214 1196 1293 queriturque

166 1309 312 1369 Libanius
327 1310 407 1389 quod
421 1318 444 1371 ot
454 1317 680 1393 μελανειμοιιῦιτις
692 1317 727 1371 ut
740 1311 791 1389 ait,
808 1311 963 1390 imperatis
974 1293 1072 1390 jussa'
1082 1311 1195 1390 ubique

168 1406 312 1486 flagitiose
329 1410 473 1470 excedant
490 1409 546 1493 (θ).
563 1411 643 1482 Quin
664 1411 765 1488 etiam,
781 1411 886 1471 Romae
899 1414 929 1471 et
941 1411 1143 1487 Alexandriae,
1164 1410 1196 1470 in

167 1505 251 1585 ipsis,
268 1513 302 1567 ut
315 1508 356 1568 ita
370 1508 478 1586 dicem,
494 1510 603 1570 veteris
619 1511 718 1570 cultus
729 1509 799 1569 etin
813 1507 974 1568 Occidente
988 1508 1058 1568 etin
1072 1507 1194 1567 Oriente

168 1606 309 1683 castellis,
326 1606 425 1666 omnia
449 1607 605 1685 sacrificia,
620 1608 702 1669 idem
721 1608 847 1687 scriptor
868 1606 954 1668 solito
972 1607 1009 1667 de
1029 1625 1113 1666 more
1128 1605 1196 1665 fieri
1243 1685 1246 1690 Ι

166 1707 292 1764 testatur
301 1704 356 1785 (3).

205 1801 332 1862 Sanctus
352 1801 540 1882 Augustinus
559 1804 680 1864 nullum
700 1823 718 1865 a
742 1803 934 1864 Constantino
951 1806 1086 1863 erectum
1101 1801 1194 1862 fuisse

166 1898 196 1958 in
206 1919 283 1960 nova
291 1900 367 1961 urbe
377 1903 526 1981 templum
537 1902 643 1962 asserit
653 1900 697 1983 (t)
715 1920 721 1960 :
738 1903 791 1963 sed
801 1905 949 1983 repugnat
958 1900 1194 1980 liquidissimum

165 1999 272 2059 Zosimi
292 2000 516 2079 testimonium,
537 2002 617 2081 quod
636 2020 696 2062 non
714 2001 799 2062 video
817 2002 966 2081 quomodo
985 1999 1069 2079 rejici
1088 2000 1191 2080 possit.
1300 1994 1301 1997 '

165 2093 292 2155 Omissis
306 2097 387 2156 enim
402 2097 532 2157 Castoris
546 2103 576 2158 et
589 2098 720 2158 Pollucis
731 2097 924 2177 imaginibus,
937 2115 1013 2176 quas¹
1026 2097 1083 2157 sub
1097 2097 1192 2177 porti·

164 2192 250 2252 cibus
264 2193 472 2274 Hippodromi‚
488 2196 614 2256 fortasse
634 2215 688 2276 per
702 2197 869 2256 ludibrium
883 2195 994 2275 positas
1012 2196 1121 2272 re'fert,
1134 2195 1194 2255 duo

163 2291 276 2369 templa
288 2290 320 2349 in
339 2291 403 2352 foro
424 2311 442 2353 a
461 2292 653 2353 Constantino
672 2293 818 2354 aedificata
838 2293 930 2352 luisse
945 2293 1047 2369 tradit,
1062 2281 1200 2371 quorum‘

164 2388 196 2448 in
215 2388 309 2450 altero
331 2388 460 2465 Mopnoe
476 2390 590 2450 Matris
603 2390 706 2450 Dertm
720 2391 852 2468 effipies,
874 2389 906 2449 in
926 2390 1019 2450 altero
1037 2388 1191 2449 simulac-

164 2505 238 2546 νιιιιι
251 2485 407 2546 Fortuoae
421 2488 510 2547 urbis
519 2487 756 2566 conspiciebatur
769 2485 825 2567 (5).

203 2582 334 2660 Congius
347 2584 429 2643 hunc
443 2583 553 2644 Zosimi
562 2585 663 2644 locum
673 2584 714 2644 ita
730 2584 954 2663 interpretatur,
970 2589 1005 2643 ut
1018 2583 1055 2644 ab
1069 2601 1103 2643 eo
1118 2589 1193 2643 tem·

164 2681 213 2759 pla
232 2680 377 2758 appellari
399 2687 518 2742 censeat
532 2683 645 2743 loculos
662 2682 809 2761 quosdam
829 2681 965 2742 Basilicae
985 2680 1145 2761 appositos,
1161 2682 1193 2745 in

164 2778 275 2856 quibus
296 2797 331 2838 ea
350 2779 511 2840 simulacra
524 2781 653 2859 reposita
675 2785 761 2841 erant
774 2778 830 2862 (6).
850 2779 927 2858 Sed,
948 2779 1038 2840 etiam
1059 2779 1086 2839 si
1110 2781 1194 2840 nulla

163 2873 240 2935 intra
271 2875 539 2955 Constantinopolis
573 2876 722 2937 ambitum
751 2895 867 2956 pagana
902 2877 1032 2955 templa,
1066 2875 1193 2955 jubente

165 2971 355 3032 Constantino
375 2973 500 3034 excitata
517 2973 662 3050 fuissent,
686 2973 810 3034 minime
824 2973 953 3033 dubium
969 2978 1014 3033 est
1027 2972 1102 3052 quin
1116 2973 1194 3034 intra

164 3070 271 3130 veteris
288 3070 419 3149 Byzantii
434 3072 557 3150 moenia,
575 3070 720 3132 nonnulla
737 3075 850 3132 starent
869 3090 937 3150 quae
955 3070 992 3131 ab
1013 3069 1193 3150 imperatore

165 3166 257 3227 tuisse
278 3185 382 3228 eversa
403 3169 507 3229 nullus
527 3168 653 3247 scriptor
664 3167 765 3244 tradit,
782 3185 990 3246 quorumque,
1012 3166 1073 3226 sive
1091 3170 1193 3226 vetera

165 3263 224 3324 sive
244 3283 319 3325 nova
342 3270 459 3343 essent,
479 3266 560 3348 apud
578 3261 738 3345 scriptores
756 3284 902 3345 paganos,
924 3269 959 3324 ut
975 3263 1190 3343 praediximuS,

197 3551 231 3618 (l)
249 3545 281 3599 Σὺ
300 3545 344 3619 μὲν
362 3538 404 3598 οὖν
421 3539 495 3622 (nom
504 3553 535 3606 ad
549 3550 730 3619 Theodosium)
744 3539 798 3597 ott?
815 3541 868 3616 ἱερὰ
881 3539 1021 3608 κεκλεῖσθαι
1032 3536 1087 3594 οὔτε
1100 3538 1193 3615 μηδένα

165 3643 302 3717 προσιέναι,
319 3639 375 3697 οὔτε
387 3650 437 3721 πῦρ
451 3641 507 3698 οὔτε
519 3643 663 3716 lidoerortv,
676 3641 732 3698 οὔτε
747 3642 793 3702 τὰς
806 3641 855 3693 απὸ
873 3645 922 3693 τῶν
937 3637 1015 3692 ἄλλων
1033 3639 1192 3712 θυμιαμάτων

166 3742 237 3813 τιμὰς
254 3739 373 3804 tiliaco:
386 3748 434 3796 τῶν
448 3748 506 3796 νεῶν
520 3739 577 3797 οὐδὲ
590 3761 640 3796 των
654 3741 753 3817 tepor.
775 3748 916 3816 (tiramus,
934 3759 985 3811 pro
1005 3746 1129 3809 Templis,
1148 3746 1190 3800 ed·

166 3831 245 3891 sinn„
262 3847 287 3895 ρ.
303 3832 371 3884 raa
695 3843 698 3852 ⁴

198 3916 232 3980 (θ)
250 3919 302 3976 ld„
317 3920 384 3969 trid.

198 4017 232 4086 (5)
250 4010 301 4068 Τὴν
320 3993 407 4083 ῥώμην
428 4012 470 4061 τοῦ
492 4009 557 4062 θύειν
578 4011 606 4064 οὐ
630 4008 795 4085 τολμήσαντες
816 4009 956 4084 ἁφιλέσθαι.
980 4018 1121 4084 (uramur,
1138 4026 1190 4077 pro

169 4107 291 4169 Templis,
304 4101 345 4153 ed.
361 4102 444 4165 Sion,
459 4117 486 4166 p.
500 4103 561 4152 541.
941 4108 943 4112 ’

198 4191 232 4254 (t)
250 4189 277 4239 S.
291 4189 464 4246 Accusamus,
481 4188 510 4239 c.
525 4188 571 4247 D„
586 4196 612 4248 v,
628 4186 671 4239 25.

198 4269 235 4335 (5)
251 4272 373 4331 zosium,
388 4281 417 4330 u,
432 4271 476 4320 51.
732 4254 735 4260 ’

198 4353 233 4422 (6)
250 4355 373 4416 mucius,
390 4354 637 4416 constantinopolis
650 4355 811 4417 christiano,
826 4366 851 4416 p.
868 4348 926 4400 tlt.
