3054 5046
750 573 911 639 ..36-

318 714 433 773 veteres
445 709 632 772 caerimonias
646 710 736 773 licere
756 711 920 790 videretur,
941 715 971 772 et
983 710 1097 790 aliquid
1110 717 1213 772 contra
1226 731 1345 775 morem

317 810 467 888 majorum
481 808 646 888 suscipere,
662 809 741 871 clare
751 815 781 870 et
790 809 909 890 publice
924 808 1104 886 declarabat,
1119 809 1232 889 templa
1246 809 1342 890 adire,

316 906 461 968 solemnia
479 905 643 982 celebrare,
669 907 769 986 palam
788 907 945 967 consulere
963 905 1151 985 haruspices,
1178 906 1344 986 unicuique

317 1005 362 1064 las
372 1022 449 1064 esse.
463 1003 529 1065 lmo
543 1003 622 1064 circa
636 1004 793 1082 fulgurum
807 1003 1083 1083 interpretationem
1097 1003 1273 1083 haruspices
1291 1005 1341 1064 in·

315 1102 461 1181 terrogari
475 1101 594 1182 publice
604 1102 740 1181 jubebat,
756 1108 785 1163 et
798 1103 947 1162 indicabat
959 1102 1071 1182 quibus
1085 1101 1193 1180 modis,
1216 1102 1296 1164 etad
1311 1123 1344 1165 se

316 1201 425 1280 scripta
438 1219 544 1261 eorum
554 1219 698 1281 responsa
711 1200 822 1262 deferri
832 1200 1033 1281 praecipiebat,
1044 1199 1205 1278 Praeterea,
1218 1201 1344 1263 sublatis

315 1298 380 1358 istis
393 1297 624 1360 incantamentis
644 1298 755 1378 quibus
773 1318 789 1359 ι(
804 1300 956 1380 cujusque
970 1298 1058 1359 seins
1072 1304 1129 1358 ant
1149 1300 1343 1359 existimatio

317 1401 403 1478 loedi,
421 1408 478 1463 ont
487 1402 602 1480 pudici
618 1402 663 1462 od
677 1401 843 1462 libidinem
864 1403 969 1461 animi
989 1401 1085 1480 defigi
1101 1420 1117 1460 r
1134 1402 1258 1481 possint,
1275 1421 1343 1481 quae

310 1500 375 1580 jam
389 1519 426 1561 ex
440 1499 558 1579 legibus
573 1503 602 1560 et
615 1499 704 1560 vetita
716 1504 746 1559 et
759 1498 862 1578 punita
873 1499 936 1578 jam
951 1498 1069 1579 pridem
1089 1501 1209 1560 fuerant
1228 1496 1285 1580 (l),
1307 1499 1344 1560 iis

313 1599 504 1678 permittebat
517 1598 572 1675 uti,
589 1597 701 1677 quibus
714 1602 744 1657 et
756 1596 932 1676 corporibus
950 1597 1038 1675 aegris
1052 1596 1154 1657 afferri
1174 1597 1342 1674 sanitatem,

312 1702 343 1758 et
364 1717 382 1759 a
404 1696 562 1758 vindemiis
584 1701 636 1756 aut
658 1695 797 1774 frugibus
819 1694 933 1755 imbres
957 1700 987 1755 et
1010 1695 1188 1774 grandinem
1213 1695 1344 1755 amoveri

313 1815 401 1876 posse
417 1796 591 1856 crederetur
601 1793 703 1873 etipse
713 1794 826 1871 forsan,
839 1792 864 1853 si
875 1793 991 1854 Zosimo
1012 1793 1105 1854 fidem
1124 1793 1268 1855 adhibere
1288 1813 1341 1854 vo-

314 1893 421 1970 lueris,
438 1892 584 1953 crederet.
600 1888 657 1971 (2).

294 1991 298 1998 “
352 1989 571 2069 Antiquissima
584 1988 641 2049 ista
650 1994 707 2065 est,
721 1992 756 2048 ut
769 1987 970 2048 Gotbofredus
983 1988 1102 2048 adnotat
1111 1987 1168 2068 (3),
1182 1987 1260 2048 inter
1266 1987 1345 2050 licita

313 2091 343 2147 et
355 2087 457 2147 illicita
466 2087 684 2147 incantamenta
694 2085 852 2162 distinctio,
865 2087 1003 2165 quaejam
1017 2085 1049 2144 in
1060 2085 1118 2145 XII
1128 2085 1251 2145 Tabulis
1261 2104 1346 2166 repe-

313 2186 400 2246 ritur.
413 2185 518 2245 Exstat
531 2184 563 2244 in
571 2183 680 2263 Apulei
691 2183 840 2262 Apologia
849 2183 933 2252 locus
947 2183 1007 2260 bic,
1023 2183 1110 2263 cujus
1121 2183 1343 2268 Constantinus,

315 2303 386 2343 curn
406 2284 443 2343 de
457 2297 492 2343 ea'
508 2301 541 2342 re
559 2280 697 2358 sanciret,
716 2282 890 2342 meminisse
904 2281 1021 2341 videtur
1037 2300 1043 2340 :
1062 2301 1078 2340 ι(
1090 2280 1214 2341 Veteres
1237 2281 1346 2342 medici

314 2380 404 2443 etiam
422 2381 555 2442 carmina
570 2379 704 2441 remedia
717 2380 879 2440 vulnerum
893 2383 1011 2456 norant,
1027 2384 1061 2439 ut
1076 2379 1174 2440 omnis
1192 2379 1346 2440 vetustatis

316 2479 503 2540 certissimus
523 2483 626 2540 auctor
639 2478 791 2538 Homerus
811 2477 906 2554 docet,
919 2476 972 2555 qui
984 2477 1052 2536 iacit
1062 2476 1161 2556 Ulyssi
1171 2477 1208 2537 de
1222 2477 1346 2537 vulnere

316 2582 518 2662 profluentem
538 2579 714 2658 sanguinem
730 2578 792 2639 sisti
807 2578 993 2639 cantamine:
1010 2577 1085 2637 nibil
1103 2578 1187 2638 enirn
1200 2577 1281 2658 quod
1299 2577 1313 2636 f
1330 2611 1344 2623 -

316 2679 418 2742 rendae
442 2680 546 2741 salutis
569 2677 663 2756 gratia
687 2677 732 2753 fit,
758 2676 986 2737 crimininosum
1009 2681 1054 2735 est
1074 2674 1129 2756 (l).
1149 2695 1165 2734 n

357 2779 420 2838 Lex
434 2777 492 2838 alia
506 2776 642 2856 ejusdem
657 2773 842 2836 Constantini
856 2792 933 2834 anno
947 2773 1006 2832 323
1020 2774 1087 2833 data
1102 2771 1347 2832 manifestissime

317 2874 424 2955 probat
447 2873 523 2933 ritus
546 2890 676 2952 paganos
695 2890 755 2931 non
773 2875 890 2931 tantum
905 2871 1044 2931 toleratos
1058 2869 1192 2930 essesed
1206 2868 1301 2929 libere
1319 2872 1349 2931 et

308 2973 437 3050 lascive,
449 2977 484 3031 ut
497 2971 537 3032 ita
552 2970 660 3047 dicam,
676 2988 731 3029 nec
746 2968 817 3029 satis
831 2968 931 3029 habita
945 2968 1050 3028 alienae
1065 2960 1211 3029 libertatis
1221 2967 1345 3044 ratione,

320 3074 490 3149 usurpatos.

360 3166 434 3226 Haeo
447 3165 488 3226 ita
502 3183 534 3225 se
548 3163 647 3225 babet.

473 3349 675 3412 Constantini
688 3347 727 3408 A.
745 3348 923 3409 constitutio
940 3348 984 3408 od
995 3347 1195 3426 Heipidinm.

362 3524 378 3564 a
401 3501 550 3575 Quoniam
564 3500 766 3580 comperimus
781 3500 929 3579 quosdam
944 3499 1167 3559 Ecclesiasticus
1187 3505 1217 3559 et
1226 3505 1348 3560 caeteros

322 3623 338 3665 u
361 3601 513 3664 catholicae
526 3604 613 3661 seotae
628 3599 791 3659 servientes
804 3618 822 3659 a
835 3598 1023 3659 diversarum
1045 3596 1227 3700 religionum
1249 3598 1347 3658 homi-
1385 3611 1388 3618 ’

354 3837 390 3906 (1)
410 3855 422 3886 ι
441 3835 612 3888 llatbemstlci·
630 3847 712 3899 genus
731 3831 860 3882 bominum
883 3831 1030 3894 potentibus
1049 3829 1166 3893 infidum,
1188 3823 1349 3894 sperantibus

319 3929 404 3988 fallax,
423 3925 492 3992 quod
512 3927 537 3975 in
560 3924 662 3975 clrttate
684 3928 771 3973 nostra
792 3928 818 3972 et
837 3921 965 3972 vetabitur
983 3934 1085 3985 semper
1103 3926 1131 3971 ot
1148 3920 1312 3972 retinebitur.
1334 3937 1345 3968 ι

318 4015 452 4081 (Ticinus,
469 4014 552 4071 Hist„
567 4008 597 4076 ι.)
688 4060 690 4064 ,

352 4102 390 4169 (i)
406 4102 508 4160 Zosru,
522 4097 568 4148 lib.
584 4108 611 4147 ιι.

349 4170 385 4254 (5)
404 4184 468 4239 cod.
491 4184 628 4242 Tteodoc,
650 4191 685 4242 rx,
711 4177 751 4229 tit.
774 4178 816 4240 16,
841 4176 859 4230 l.
886 4176 911 4226 5.
934 4203 964 4212 -
980 4175 1075 4238 Gora,
1093 4176 1222 4228 Notutom
1245 4175 1277 4226 dc
1298 4175 1347 4226 luc

229 4425 240 4444 ·
319 4272 495 4424 watllvbdtftlt„
511 4353 636 4416 apolon,
650 4349 692 4402 cd.
706 4345 867 4398 ranerouck.
883 4351 903 4397 t.
920 4343 961 4395 ll'.
977 4358 1003 4409 p.
1020 4341 1079 4394 lot.
