3054 5046
757 535 920 598 ..56-

360 668 499 728 Primum
512 687 582 730 vero
595 671 705 729 horum
716 670 854 730 locorum
872 671 1005 751 aliquam
1020 674 1166 736 rationem
1185 675 1356 738 habendam

322 771 417 846 puto:
436 786 541 827 omnes
561 766 643 828 enim
656 787 769 828 coaevos
788 770 851 830 tere
870 770 1031 849 scriptores
1051 773 1088 833 de
1107 774 1210 852 rebuS,
1224 795 1356 854 quarum

321 871 413 942 testes
432 866 565 942 fuerunt,
587 871 640 928 aut
657 872 738 927 certa
756 868 838 928 lama
857 887 1036 948 pernoscere
1049 875 1224 950 potuerunt,
1240 892 1360 934 errasse

322 983 390 1041 nec,
406 963 568 1024 verisimile
583 970 639 1042 est,
651 985 707 1026 nec
722 967 902 1028 contendere
917 967 1026 1028 ausim.

363 1063 421 1123 Pro
435 1069 516 1124 certo
529 1063 621 1143 igitur
633 1064 730 1126 habeo
745 1066 973 1128 Constantinum
994 1072 1023 1127 et
1043 1068 1254 1146 progrediente
1276 1076 1356 1131 tem-

328 1180 401 1241 pore
416 1162 513 1241 magis
527 1181 561 1222 ac
574 1163 671 1241 magis
684 1183 702 1224 a
714 1164 806 1224 veteri
821 1165 905 1224 cultu
919 1165 1123 1242 abhorruisse,
1142 1171 1171 1226 et
1187 1167 1359 1229 christianis

331 1258 425 1318 sacris
434 1260 547 1318 factum
556 1260 587 1319 in
597 1261 661 1321 dies
671 1261 764 1322 fuisse
775 1261 956 1341 propiorem.
968 1262 1032 1322 Nec
1041 1281 1091 1322 res
1101 1262 1187 1323 aliter
1196 1264 1264 1324 fieri
1274 1271 1358 1344 pote·
1428 1291 1436 1312 ·

327 1362 383 1435 rat,
394 1358 471 1418 facta
479 1357 638 1437 utriusque
648 1358 790 1418 doctrinae
800 1359 1032 1440 comparatione,
1042 1359 1178 1438 quamvis
1188 1360 1359 1440 idquadam

325 1475 430 1516 rerum
458 1455 632 1516 necessitate
661 1461 691 1516 et
722 1455 905 1518 ineluctabili
932 1457 1040 1528 veteris
1063 1458 1215 1536 religionis
1239 1461 1359 1540 prolap

326 1553 421 1632 sione,
433 1554 567 1614 evenisse
576 1554 674 1632 potius
685 1573 778 1633 quam
786 1555 930 1634 peculiari
941 1555 1125 1615 Constantini
1136 1555 1266 1634 optione,
1276 1557 1359 1617 astir-

325 1651 401 1711 mari
415 1651 516 1731 possit.
535 1650 594 1723 Qui
609 1651 691 1712 enim
708 1671 757 1712 res
775 1653 881 1732 inquo
896 1655 973 1728 statu
989 1657 1099 1729 essent,
1116 1653 1204 1731 plane
1218 1653 1356 1731 callebat,

326 1750 447 1810 nullum
465 1750 558 1811 rebus
579 1750 691 1810 eversis
707 1751 878 1811 remedium
895 1769 961 1810 esse
979 1749 1174 1828 intelligebat,
1199 1751 1257 1810 nisi
1281 1771 1358 1812 nova

325 1848 469 1927 religione
482 1848 646 1928 imperium
661 1848 861 1909 sustineretur
870 1847 925 1929 (l).

365 1945 594 2006 Constantinum
604 1946 669 2024 jam
684 1965 793 2026 parum
808 1946 855 2006 sui
870 1945 1038 2006 studiosum
1053 1945 1116 2006 sine
1128 1945 1219 2006 dubio
1234 1965 1357 2007 sensere

268 2087 274 2100 .
325 2042 444 2122 pagani,
462 2061 533 2102 cum
547 2062 619 2102 eum
633 2061 710 2103 anno
725 2042 784 2102 319
797 2044 913 2103 occulta
927 2042 1073 2103 sacrificia
1090 2048 1120 2103 et
1135 2042 1286 2122 privatum
1299 2045 1356 2103 ha·

324 2140 484 2218 ruspicinae
504 2159 596 2200 usum
618 2139 807 2201 severissime
830 2141 1040 2219 prohibentem
1059 2140 1208 2200 viderunt.
1231 2141 1322 2202 Latas
1340 2161 1358 2201 a

325 2236 459 2317 principe
473 2237 615 2296 institutis
638 2243 774 2298 veterum
797 2237 1039 2298 manifestissime
1058 2237 1174 2298 addicto
1193 2243 1223 2298 et
1241 2239 1353 2300 solem-

324 2334 410 2394 nium
432 2354 588 2396 sacrorum
602 2335 649 2413 pie
664 2335 818 2416 participe,
840 2336 915 2396 tales
927 2336 1009 2414 leges
1026 2354 1115 2396 nemo
1133 2341 1286 2415 suspectas
1305 2339 1357 2398 ha-

323 2433 396 2493 here
411 2435 463 2494 a'ut
480 2433 583 2513 iniquo
602 2433 702 2494 animo
718 2434 798 2494 ferre
811 2433 966 2513 potuisset,
982 2452 1054 2493 cum
1070 2453 1106 2494 ea
1127 2453 1195 2514 quae
1217 2434 1357 2496 vetaban-

324 2535 385 2608 tur,
398 2550 469 2592 sane
481 2531 584 2592 illicita
595 2536 624 2592 et
634 2531 818 2612 Jampridem
832 2531 931 2609 vetita,
944 2532 1034 2592 etiam
1052 2533 1176 2592 florente
1190 2532 1356 2611 Republica

324 2630 461 2690 fuissent.
472 2631 511 2691 At
520 2631 731 2691 Constantinus
741 2629 862 2710 publica
871 2630 1010 2709 licitaque
1021 2630 1124 2696 multis
1134 2631 1215 2691 visus
1227 2637 1273 2692 est
1284 2631 1357 2692 obli-

324 2748 384 2808 qua
394 2727 586 2788 insectatione
603 2727 794 2807 impugnare,
816 2727 890 2786 dum
905 2728 1030 2804 occulta,
1047 2732 1076 2786 et
1093 2727 1185 2804 mala,
1205 2732 1235 2787 et
1254 2727 1356 2788 illicita

324 2831 506 2910 prohiberet.
528 2829 673 2890 Nondum
689 2835 790 2890 tamen
811 2828 910 2889 crucis
928 2829 1044 2908 effigies
1063 2834 1092 2889 et
1111 2829 1222 2890 Christi
1245 2848 1352 2889 mono-

324 2947 461 3006 gramma
471 2927 503 2987 in
512 2927 647 2987 nummis
657 2932 855 3005 apparuerat3
870 2926 932 2986 imo
945 2925 1080 3002 Herculi,
1095 2925 1195 3002 Marti,
1210 2925 1225 2985 J
1228 2926 1273 2986 ovi
1284 2946 1353 2986 con-

256 3054 258 3060 *
326 3024 480 3101 servatori,
504 3023 561 3084 soli
582 3023 689 3083 invicto
720 3024 818 3083 omnis
840 3023 960 3102 imperii
983 3027 1103 3083 moneta
1130 3041 1214 3084 sacra
1237 3029 1301 3083 erat
1326 3029 1355 3083 et

324 3122 473 3202 insculpta
488 3127 626 3182 veterum
642 3120 805 3180 numinum
820 3121 933 3181 lerehat
955 3120 1129 3196 simulacra,
1153 3125 1183 3180 et
1199 3140 1278 3181 anno
1295 3119 1351 3180 321
1370 3161 1374 3168 -

325 3220 443 3279 duabus
451 3219 567 3298 legibus
577 3217 739 3297 imperator
747 3217 778 3277 in
788 3217 945 3297 pristinam
955 3217 1192 3296 usurpationem,
1202 3217 1288 3297 quasi
1296 3237 1350 3298 pa-

325 3335 473 3395 ganorum
484 3315 600 3375 animos
611 3333 748 3374 recreare
756 3314 855 3391 vellet,
866 3314 1063 3376 reverentiam
1072 3314 1174 3376 testari
1186 3314 1350 3402 videbatur.

237 3471 238 3474 ,
325 3413 395 3473 Mox
408 3432 506 3474 veroa
521 3432 553 3472 sc
568 3412 664 3492 magis
683 3412 817 3472 alienum
836 3430 901 3472 esse
915 3411 1128 3490 imperatorem
1142 3412 1350 3491 deprehende-

325 3516 407 3586 runt,
433 3529 503 3570 cum
526 3530 598 3570 eum
621 3510 853 3570 christianorum
869 3509 1119 3588 disputationibus
1143 3508 1239 3568 amice
1258 3508 1353 3568 inter·

325 3608 495 3668 venientem
521 3608 672 3685 viderunt,
699 3607 936 3686 christianosque
959 3607 991 3666 in
1017 3606 1100 3666 omni
1130 3625 1163 3666 re
1188 3604 1299 3666 blande
1325 3611 1354 3665 et
1432 3661 1437 3682 ,

326 3706 461 3783 comiter,
476 3710 509 3765 ut
523 3705 645 3766 clientes
659 3705 830 3786 habentem,
842 3704 906 3765 Nec
918 3705 975 3764 fuit
989 3703 1165 3766 dubitationi
1178 3705 1273 3780 locuS,
1283 3722 1353 3763 cum

324 3823 402 3866 anno
416 3803 476 3884 326
491 3805 620 3864 Romam
632 3804 787 3883 ingressus
801 3802 1014 3864 Constantinus
1032 3822 1093 3862 non
1107 3802 1196 3861 modo
1211 3801 1350 3882 publica-

324 3921 394 3961 rum
404 3901 646 3962 cerimoniarum
658 3902 806 3981 particeps
819 3919 885 3960 esse
899 3900 1005 3977 noluit,
1020 3919 1127 3960 verum
1137 3899 1227 3960 etiam
1237 3917 1352 3959 sacram

322 4019 465 4081 pompam
480 4004 652 4079 equestrem
665 3986 828 4060 verborum
849 3997 962 4058 aculeis
984 3997 1167 4077 perstrinxit.
1187 3996 1267 4056 Tum
1286 3997 1363 4057 for-⁸

351 4217 386 4288 (l)
404 4219 482 4272 Ernst
501 4233 550 4272 von
572 4222 697 4284 tissimi,
717 4224 763 4300 der
780 4223 933 4284 Uataaooo
947 4222 990 4273 des
1009 4221 1240 4284 Hellespontian
1260 4220 1349 4272 59-40.

318 4306 454 4369 lliincheo‚
472 4307 547 4358 1854.
974 4328 976 4332 ¹
