3054 5046
612 577 773 640 ..91.-

176 711 234 789 qni
247 710 402 790 episcopos
417 729 454 772 ex
468 710 593 772 diversis
603 711 676 772 locis
685 711 818 772 Nicaeam
828 712 988 790 acciverat,
1002 731 1094 792 quem
1104 733 1208 777 omnes

174 808 261 886 pacis
278 813 445 886 auctorem,
467 808 612 870 libertatis
634 809 856 888 restitutorem,
881 809 1049 872 christianae
1066 805 1208 875 doctrinae

175 905 322 984 sospitem
339 905 572 983 venerabantur,
588 906 686 986 potius
701 925 793 984 quam
808 906 898 967 Osius
913 907 1132 987 Cordubensis,
1148 930 1208 989 quo

174 1002 275 1080 legato
284 1003 481 1083 lrustraapud
491 1003 709 1064 Alexandrinos
719 1005 938 1082 tumultuantes
946 1007 1121 1087 nuperrime
1132 1026 1208 1068 usus

175 1105 242 1160 erat
255 1119 263 1174 ;
278 1101 325 1161 vel
339 1101 510 1162 Alexander
519 1101 710 1162 Alexandriae
723 1102 891 1182 episcopus,
907 1103 996 1183 cujus
1009 1103 1073 1183 ipse
1088 1105 1208 1166 temeri-

174 1203 269 1259 tatem
282 1205 368 1260 antea
387 1191 584 1279 corripuerat,
599 1199 712 1279 quique
726 1220 786 1261 non
796 1201 907 1280 judicis
927 1201 959 1261 in
979 1203 1034 1263 hac
1045 1221 1078 1264 re
1094 1204 1147 1264 sed
1162 1205 1206 1265 rei

176 1315 341 1374 personam
356 1297 531 1359 sustinebat.
605 1286 607 1292 '

218 1395 299 1467 Quid
322 1395 482 1456 concilium
501 1396 632 1456 sanxerit
649 1415 738 1456 nemo
760 1396 886 1475 ignorat.
908 1386 1000 1458 Arius
1020 1398 1118 1477 etqui
1141 1399 1207 1478 ejus

175 1493 309 1572 opinioni
320 1493 456 1554 favebant
470 1493 612 1572 damnati,
628 1499 657 1554 et
667 1494 775 1573 scripta
786 1494 868 1572 fidei,
883 1500 917 1556 ut
931 1495 1050 1573 dicitur,
1062 1497 1205 1575 formula,

175 1595 394 1670 repertumque
418 1610 530 1651 novum
553 1591 733 1651 vocabulum
752 1611 812 1670 quo
831 1610 881 1652 res
903 1592 939 1652 de
959 1611 1020 1670 qua
1034 1591 1205 1672 litigabant,

175 1687 300 1748 definite
315 1686 515 1765 statuebatur,
532 1689 643 1748 scilicet
660 1693 788 1769 ὁμοούσιος
802 1689 883 1768 quod
903 1689 993 1750 latino
1007 1708 1147 1750 sermone
1162 1695 1207 1751 est

176 1785 467 1852 consubstantialis.
490 1784 678 1846 Vocabulum
697 1785 774 1845 illud
788 1785 903 1864 abipso
917 1786 1097 1865 imperatore
1113 1787 1205 1847 fuisse

174 1882 334 1943 inductum
348 1882 499 1943 Eusebius
514 1883 607 1943 refert
621 1881 678 1963 (l).
861 1877 871 1894 “

216 1979 356 2040 Relatum
377 1987 423 2040 est
440 1980 530 2040 etiam
543 1980 575 2040 in
597 1981 704 2041 eodem
725 1979 849 2040 concilio
868 1979 905 2040 de
925 1979 1113 2055 Novatianis;
1129 1999 1185 2042 nec
1195 2029 1203 2060 ,

176 2077 252 2135 dum
272 2094 323 2136 eas
344 2095 393 2137 res
413 2076 580 2154 attingeret,
600 2077 813 2138 Constantinus
827 2077 872 2137 ire
887 2096 919 2136 se
933 2077 966 2136 in
979 2095 1054 2156 opus
1072 2075 1205 2139 alienum

175 2173 363 2234 existimavit.
381 2173 499 2234 Scilicet
512 2192 583 2233 cum
592 2173 699 2234 Acesio
712 2173 946 2235 Novatianorum
961 2174 1099 2255 episcopo
1110 2175 1206 2255 impe-

176 2275 307 2331 ratorem
320 2271 500 2331 collocutum
514 2289 579 2332 esse
590 2271 726 2332 Socrates
738 2270 839 2348 tradit,
848 2276 878 2331 et
887 2271 935 2331 his
948 2270 1048 2332 verbis
1060 2271 1208 2332 austerio·

176 2387 243 2428 rem
257 2370 324 2448 ejus
342 2369 560 2448 arctioremque
581 2368 769 2447 disciplinam
783 2368 969 2448 increpuisse
986 2388 992 2427 :
1010 2388 1026 2430 v
1043 2369 1134 2448 Erige
1150 2370 1206 2430 tibi

178 2466 305 2543 scalam,
320 2465 419 2541 Acesi,
432 2471 461 2525 et
474 2466 512 2526 ad
526 2466 639 2525 coelum
654 2462 736 2525 solus
746 2465 896 2526 ascendite
910 2464 966 2547 (2).
981 2485 996 2524 a

216 2564 285 2624 Non
293 2563 378 2645 irrita
392 2563 526 2624 cecidere
540 2563 656 2624 concilii
666 2564 796 2624 decreta.
808 2562 947 2642 Namque
958 2563 1121 2645 imperator
1132 2582 1204 2643 pon-

176 2661 337 2722 tisscalihus
356 2680 426 2722 vere
439 2661 545 2720 litteris
558 2680 594 2723 ea
610 2660 642 2720 iu
656 2655 812 2742 publicum
829 2661 960 2740 vulgavit
980 2665 1070 2741 atque
1090 2660 1202 2721 contir-

179 2760 278 2820 mavit.

217 2856 336 2917 Scilicet
352 2856 563 2917 Alexandrinae
577 2857 710 2918 ecclesiae
729 2855 848 2937 scripsit
863 2875 910 2934 se,
926 2857 1092 2934 concordiae
1112 2857 1202 2918 resti-

177 2954 296 3014 tuendae
323 2973 423 3032 causa,
445 2973 590 3034 magnum
612 2955 822 3034 episcoporum
844 2959 957 3014 coetum
977 2953 1111 3015 Nicaeam
1131 2954 1206 3015 acci-

177 3051 268 3128 visse,
295 3071 387 3131 seque
411 3071 481 3112 cum
509 3052 552 3111 eis
581 3053 698 3113 dedisse
731 3071 871 3132 operam,
902 3057 950 3129 ut,
980 3051 1096 3113 sublata
1123 3052 1205 3112 omni

177 3149 348 3210 animorum
379 3150 586 3226 dissensione,
622 3150 731 3210 veritas
771 3150 929 3230 diligenter
964 3149 1202 3228 investigaretur.

179 3268 194 3308 <r
217 3249 304 3320 Quod
317 3253 417 3310 autem
431 3249 571 3309 trecentis
585 3249 715 3328 amplius
733 3248 879 3328 episcopis
896 3249 993 3309 visum
1008 3253 1071 3325 est,
1092 3247 1203 3323 aiebat,

113 3363 115 3366 ·
179 3365 194 3406 v
216 3365 276 3406 non
293 3351 338 3406 est
355 3346 438 3407 aliud
451 3346 618 3426 putandum
632 3365 724 3425 quam
738 3345 793 3406 Dei
807 3346 904 3425 ipsius
919 3345 1064 3406 sententia
1075 3365 1121 3420 ;...
1147 3364 1203 3406 ne·

179 3462 194 3502 c
216 3443 331 3504 minem
348 3444 440 3522 igitur
458 3443 611 3521 haesitare,
635 3442 789 3504 neminem
808 3443 998 3522 interponere
1020 3461 1154 3518 moram,
1176 3447 1206 3502 at

179 3561 194 3601 <r
217 3561 322 3603 omnes
337 3559 455 3619 secum,
474 3542 555 3620 quod
569 3541 725 3602 decretum
739 3545 801 3617 est,
819 3539 929 3601 debere
949 3540 1089 3618 amplecti
1106 3539 1162 3622 (3).
1188 3559 1203 3599 a

217 3640 364 3719 Quodque
381 3640 420 3700 ad
431 3640 574 3701 Paschale
589 3641 701 3701 festum
714 3637 872 3715 attinebat,
887 3637 960 3698 item
975 3638 1138 3717 imperator
1151 3657 1202 3726 ec-

177 3738 274 3798 clesiis
289 3738 419 3818 scripsit.

215 3841 254 3901 Se
268 3840 456 3902 memorabat
471 3840 503 3900 in
516 3839 653 3901 animum
667 3841 732 3920 jam
745 3839 863 3920 pridem
879 3837 1034 3899 induxisse
1050 3842 1084 3898 ut
1102 3837 1135 3899 in
1151 3856 1202 3897 ec-

209 4079 243 4148 (l)
259 4081 361 4134 Eusebii
376 4081 483 4144 epistola
494 4079 526 4130 its
539 4079 633 4144 quibus
646 4087 761 4143 praeerat.
779 4077 916 4146 (socnam,
933 4091 952 4140 r,
970 4080 995 4130 5.
1009 4103 1044 4116 -
1058 4077 1169 4136 anon„
1185 4086 1204 4136 r,

180 4165 232 4215 12>

209 4195 245 4316 (b)
261 4250 384 4312 sooner„
399 4252 471 4302 nist.
487 4249 585 4307 eccles,
600 4259 619 4308 1,
635 4249 660 4300 7.
673 4275 705 4286 -
719 4249 832 4313 Traron,
848 4249 919 4299 litat.
935 4247 1033 4308 creua,
1050 4255 1068 4306 r,
1082 4241 1127 4296 tt.

212 4335 246 4402 (5)
264 4336 474 4399 Sormr.‚11tst.
496 4335 594 4392 eccles„
611 4344 629 4393 1,
645 4334 671 4388 6.
