3054 5046
747 518 910 586 -16-

310 650 484 716 restiterint.
507 652 588 726 Quid
607 673 667 716 non
687 655 805 718 valeant
829 656 936 736 adjuti,
958 657 1012 737 qui
1031 657 1128 720 vexati
1146 659 1342 739 oppressique

310 751 573 831 tantumvaluere‚
588 753 705 834 etquid
721 773 739 816 a
755 754 866 818 talibus
879 755 967 818 sociis
980 758 1227 838 exspectandum,
1248 759 1340 820 dum-

311 851 401 911 modo
416 850 573 931 regantur!

351 950 425 1012 Haec
438 954 468 1012 et
480 949 550 1012 talia
564 949 759 1012 Constantino
775 970 881 1014 secum
896 952 929 1013 in
944 957 1236 1035 utramquepartem
1248 953 1344 1018 disse-
1385 975 1388 983 ·

312 1047 389 1108 renti
404 1046 577 1128 prodigium
588 1048 752 1128 quoddam,
764 1054 799 1110 ut
815 1045 967 1130 narratur,
979 1069 1046 1112 sese
1056 1051 1174 1130 obtulit,
1186 1053 1345 1132 crucisque

312 1145 429 1225 effigies
444 1143 490 1227 (1)
503 1145 581 1208 inter
594 1145 693 1208 nubes
706 1147 892 1227 vespertinas
901 1154 1003 1228 aperte
1013 1149 1087 1228 uisa,
1103 1150 1247 1212 divinitus
1261 1151 1343 1212 litem

311 1243 400 1322 hanc,
416 1243 443 1304 si
455 1243 554 1306 dicere
563 1244 674 1323 ausim,
690 1244 811 1306 diremit
819 1245 876 1328 (2).
888 1247 969 1310 Turn
982 1247 1140 1328 Augustus
1153 1248 1300 1310 vexillum
1313 1249 1345 1312 in

312 1343 438 1404 modurn
458 1342 557 1404 crucis
577 1344 729 1423 fabricari,
751 1345 1046 1438 christianorumque
1069 1347 1191 1428 signum
1208 1353 1278 1412 ante
1296 1348 1343 1410 le-

311 1440 415 1519 giones
429 1439 566 1520 praeferri
577 1440 678 1520 jussit.

351 1539 420 1602 Non
436 1539 523 1601 facile
535 1539 645 1620 aliquis
658 1539 731 1602 talia
742 1546 913 1603 versantem
925 1541 958 1603 in
972 1542 1084 1620 animo,
1096 1542 1347 1623 perpendentem·

313 1655 373 1716 que
395 1637 469 1718 quid
491 1636 548 1698 sibi
569 1637 736 1720 ooeptisque
759 1639 856 1718 magis
874 1639 1038 1720 expediret,
1059 1645 1089 1700 et
1109 1659 1145 1702 ea
1166 1640 1346 1720 deligentem

313 1733 413 1796 denuo
429 1734 541 1815 quibus
562 1735 674 1796 certius
694 1754 744 1797 res
768 1755 838 1798 suas
855 1737 1006 1817 componi,
1026 1723 1151 1818 suisque
1170 1738 1347 1800 utilitatibus
1437 1771 1439 1774 ·

313 1831 502 1894 commodius
515 1832 631 1894 consuli
645 1833 792 1912 crederet,
809 1854 847 1896 ex
857 1833 918 1898 lide
930 1835 1037 1897 intima
1046 1841 1076 1898 et
1084 1855 1156 1898 vera
1168 1835 1269 1916 aliqua
1283 1836 1346 1917 pic·

314 1933 373 1990 tate
382 1929 476 1991 fuisse
484 1930 610 1990 ductum
617 1928 773 2010 intelliget.
783 1931 888 2011 Itaque
896 1952 957 1993 non
964 1933 1053 2013 plane
1062 1932 1146 1994 rideo
1153 1934 1348 2012 quemadmo

316 2027 391 2087 dum
405 2026 462 2086 sibi
480 2025 644 2089 consentiat
661 2027 887 2089 recentissimus
899 2029 994 2109 hujus
1010 2029 1142 2092 historiae
1155 2030 1282 2110 scriptor
1296 2031 1348 2111 qui

315 2123 421 2186 asserit
434 2123 494 2184 fide
508 2122 541 2184 in
550 2123 661 2202 Deum,
671 2128 751 2185 certe
762 2125 972 2205 superstitione
982 2131 1071 2207 atque
1082 2127 1246 2189 ambitione
1255 2128 1348 2189 Cons-

314 2221 421 2283 tantini
437 2221 575 2282 animum
590 2221 629 2283 ad
644 2223 701 2283 hoc
716 2224 905 2304 propositum
922 2224 1111 2287 inclinavisse
1121 2225 1180 2308 (3).
1196 2226 1301 2304 Aliud,
1316 2232 1350 2287 ut

315 2321 444 2399 videtur,
453 2321 559 2401 pietas,
568 2319 650 2381 aliud
657 2321 780 2382 ambitio
789 2328 844 2401 est,
854 2328 884 2384 et
892 2323 917 2383 si
924 2324 1031 2384 eadem
1038 2324 1198 2405 aliquando
1210 2324 1348 2401 suadent,

316 2423 405 2502 c'ujus
414 2421 535 2484 ambitio
547 2420 668 2482 initium
681 2427 711 2485 et
727 2440 817 2484 causa
832 2422 900 2502 fuit,
912 2441 973 2484 non
987 2423 1019 2486 id
1035 2428 1117 2486 certe
1129 2422 1231 2504 pietati
1242 2423 1350 2486 merito

293 2627 312 2680 j
351 2611 386 2678 (l)
403 2612 469 2664 Nihil
483 2612 562 2665 habet
575 2613 608 2664 dc
622 2613 670 2664 bac
684 2613 781 2664 visione
794 2611 949 2674 bacuntius,
965 2612 1012 2664 sed
1026 2618 1125 2664 tantum
1139 2612 1211 2676 dicit,
1225 2613 1349 2666 monitum

292 2698 294 2702 ’
318 2693 446 2760 inquiete
462 2697 656 2748 Constantinum
675 2703 704 2748 ut
723 2697 828 2748 coeleste
846 2697 947 2763 signum
962 2697 1006 2748 bei
1025 2703 1125 2749 notaret
1142 2701 1169 2748 in
1183 2700 1264 2749 scutis
1277 2705 1353 2763 atque

316 2781 352 2832 ita
365 2781 483 2845 proelium
496 2783 667 2844 committeret
679 2779 727 2848 (bo
736 2785 817 2834 mort.
828 2786 971 2847 persecat,
984 2782 1035 2844 tt).
1050 2784 1170 2834 Nazarius
1182 2797 1244 2834 uero
1253 2783 1349 2834 refert:

323 2884 335 2916 o
353 2866 380 2916 lu
399 2879 445 2918 ore
459 2868 572 2918 omnium
587 2867 724 2918 Galliarum
739 2879 797 2918 esse
812 2867 940 2918 exercitus
955 2870 1024 2918 visos
1038 2868 1083 2932 qui
1101 2881 1130 2918 se
1148 2865 1270 2918 divinitus
1289 2867 1354 2919 mis-

319 2963 363 3004 sos
377 2963 430 3014 prae
443 2963 473 3001 se
486 2950 612 3014 terebant,
627 2956 656 3001 ut
670 2951 836 3002 constantino
850 2951 1025 3001 militarent.»
1045 2951 1098 3002 Non
1110 2951 1185 3002 aliter
1198 2951 1231 3002 de
1244 2950 1292 3002 bac
1306 2949 1354 3000 sub

319 3035 402 3086 Murco
419 3034 522 3085 Aurelio
541 3035 635 3099 pluria,
649 3034 726 3085 misse
744 3033 875 3098 divinitus,
889 3039 918 3086 nt
932 3033 1080 3096 credebant,
1095 3047 1171 3100 quam
1189 3035 1244 3086 suis
1264 3032 1355 3100 pagani

319 3120 440 3184 precibus
458 3119 572 3184 debitam
592 3125 619 3171 et
639 3133 654 3173 e
672 3120 735 3171 lore
756 3133 905 3172 conoessum
935 3118 1099 3174 declarabant
1118 3126 1145 3172 et
1165 3119 1315 3186 pingebant,
1339 3131 1354 3169 a

320 3205 421 3258 cbristo
436 3217 496 3256 raro
510 3205 631 3255 tributam
646 3204 837 3257 contendebant
850 3205 993 3257 christiani,
1102 3203 1103 3206 ’

273 3281 275 3285 ’
354 3286 390 3357 (i)
408 3287 481 3354 Apud
495 3288 635 3341 Eusebium
651 3286 719 3355 (vu.
737 3290 837 3350 cocat,
852 3303 909 3354 cap.
924 3289 966 3354 tt)
986 3289 1030 3340 illa
1047 3287 1207 3340 Constantini
1220 3286 1294 3352 quast
1308 3287 1356 3360 de-

321 3358 450 3438 liberatio,
465 3375 507 3426 bis
520 3375 607 3426 verbis
624 3374 802 3426 concluditur:
820 3393 833 3420 o
849 3375 900 3426 Ista
915 3375 1000 3426 omnia
1016 3387 1074 3425 cunr
1091 3380 1178 3425 mente
1191 3379 1311 3438 tanquam
1329 3371 1355 3422 in

322 3473 401 3528 unum
415 3459 574 3529 collegisset,
585 3460 611 3510 in
623 3460 684 3522 iliis,
695 3461 738 3525 qui
751 3472 803 3511 non
817 3466 887 3522 sunt,
899 3459 1013 3511 colendis
1025 3465 1121 3511 tanum
1132 3458 1280 3510 inanitatem
1293 3471 1357 3508 con-

323 3547 425 3610 sectari,
441 3554 549 3613 postque
567 3545 708 3611 periculum
725 3545 819 3596 tectum
841 3557 911 3596 coeco
933 3557 1020 3596 errore
1042 3543 1112 3606 duci,
1133 3555 1239 3595 summae
1261 3543 1357 3607 putarit
1402 3579 1407 3588 .

324 3645 383 3684 esse
396 3632 548 3693 dementiae;
564 3632 696 3696 reumque
716 3643 794 3694 quern
811 3637 885 3696 pater
901 3637 990 3683 sancte
1006 3629 1151 3692 adorasset,
1165 3628 1248 3681 solum
1264 3627 1359 3680 obser-

324 3718 434 3778 vandum
450 3716 635 3781 colendumque
650 3716 749 3768 statuit.
770 3734 783 3763 a

358 3803 386 3853 Si
405 3803 484 3868 igitur
502 3801 615 3853 Eusebio
633 3800 757 3865 creditur,
771 3801 951 3853 Constantinus
968 3802 1047 3854 rebus
1062 3800 1089 3852 in
1107 3804 1242 3863 utramque
1261 3803 1360 3862 partem

325 3900 412 3940 secum
426 3887 564 3950 disputatis
576 3886 666 3937 eadem
683 3899 740 3951 quae
754 3886 916 3938 Constantius
931 3888 1027 3940 lecerat
1041 3898 1101 3951 erga
1116 3884 1270 3936 christianus
1283 3894 1361 3947 agere

325 3973 449 4034 decrerit,
464 3970 552 4032 idest,
565 3977 594 4022 ut
605 3971 715 4032 ridetur,
727 3977 771 4022 aut
783 3971 815 4022 iis
825 3972 911 4023 farere
925 3977 969 4024 aut
982 3985 1032 4022 non
1043 3977 1148 4022 nocere.
1162 3970 1233 4020 Tunc
1242 3967 1360 4033 prodigio

325 4065 352 4112 et
365 4059 449 4109 crucis
464 4058 560 4109 visione
574 4056 715 4121 perlectum
730 4057 852 4121 estquod
866 4058 965 4109 ratione
981 4062 1007 4108 et
1021 4055 1130 4109 oonsilio
1144 4055 1291 4106 inchoatum
1305 4053 1361 4104 iue-

324 4149 375 4206 rat,
390 4149 417 4194 et
430 4142 551 4193 diuinitus
564 4141 718 4192 christianus
732 4140 761 4191 ut
774 4142 819 4206 qui
834 4154 865 4192 ex
879 4141 985 4193 oonsilio
1004 4141 1150 4192 christianis
1170 4151 1218 4190 nec
1239 4137 1360 4189 adversus

327 4232 383 4278 erat
396 4241 445 4278 nec
459 4226 596 4292 propitius
909 4265 911 4268 .

361 4313 397 4375 tt)
415 4315 449 4364 ce
463 4313 502 4363 tut
515 4325 550 4363 un
564 4315 622 4362 rote
636 4309 669 4362 de
683 4309 719 4361 ioi
733 4323 766 4360 ou
780 4308 812 4360 de
827 4307 1003 4373 superstition,
1021 4307 1044 4359 si
1063 4307 1115 4359 l’on
1129 4311 1188 4360 veut
1201 4304 1364 4357 absolumcnt
