3054 5046
531 577 534 588 .
600 565 760 626 *55-

169 701 328 762 Musarum
350 700 513 780 imagineS,
533 706 563 762 et
583 705 652 764 ante
673 701 753 761 fores
776 699 868 760 curiae
896 698 975 759 lovis
1001 704 1031 760 et
1052 697 1194 760 Minerva

169 799 333 859 simulacra
346 798 441 860 locata
455 799 547 860 refert
561 797 616 880 (1).

209 896 374 972 LibaniuS,
388 897 607 976 nonassignato
621 895 745 975 quidem
757 900 893 975 tempore
903 940 911 971 ,
923 894 1053 974 primam
1068 893 1198 955 incendii

171 994 344 1070 scintillam,
357 1013 417 1073 quo
432 995 539 1055 deinde
553 993 654 1055 omnia
668 1013 819 1070 exarsere,
832 1013 850 1054 a
864 993 1055 1068 Constantino
1071 1011 1196 1071 sugges-

171 1097 234 1153 tam
246 1092 339 1151 luisse
350 1098 497 1152 memorat
507 1092 564 1172 (2),
574 1098 604 1152 et
613 1092 758 1152 ineadem
768 1090 900 1151 oratione
910 1090 1075 1169 multisque
1085 1091 1150 1150 aliis
1158 1090 1200 1152 lo·
1270 1095 1273 1104 ’

171 1191 214 1251 cis
225 1190 384 1270 pecuniam
402 1191 440 1250 ad
455 1209 539 1251 sacra
549 1191 707 1269 gentilium
721 1190 920 1268 pertinentem
933 1188 965 1249 in
979 1188 1101 1250 Oriente
1112 1190 1197 1271 expi-

172 1291 279 1366 latam,
302 1289 478 1368 additasque
509 1289 713 1350 sacerdotibus
744 1288 958 1365 contumeliaS,
985 1289 1201 1369 columnasque

172 1388 356 1467 templorum
372 1387 658 1467 Constantinopolim
672 1391 854 1446 transvectas
878 1385 1025 1464 significat
1044 1386 1100 1467 (3).
1126 1389 1203 1449 Item

173 1489 203 1544 et
215 1485 231 1545 J
233 1485 353 1546 ulianus
367 1491 513 1546 temerata
526 1490 556 1545 et
570 1475 695 1565 spoliata
710 1504 727 1545 a
741 1484 934 1546 Constantino
954 1485 1067 1564 templa
1087 1486 1201 1565 allego·

173 1583 234 1644 rice
244 1589 346 1643 narrat
361 1583 406 1664 (4)
418 1603 552 1663 eumque
565 1583 699 1663 apertius
711 1603 726 1644 r
738 1589 933 1658 novatorem,
948 1584 1205 1662 turbatoremque

171 1683 357 1758 priscorum
372 1683 477 1759 leptim
488 1688 517 1742 et
529 1684 628 1741 rnorr's
644 1684 824 1759 antiquitus
837 1682 953 1757 recepti
970 1700 986 1740 )>
1001 1682 1131 1760 appellat
1145 1682 1201 1764 (5).

214 1780 371 1859 Eunapius
387 1800 507 1860 quoque
520 1781 678 1841 AEdesium
688 1780 788 1857 tradit,
809 1799 825 1840 t
842 1799 878 1840 ea
890 1784 1066 1858 tempestate
1083 1786 1206 1860 propter

175 1883 347 1958 temporum
360 1878 549 1958 iniquitatem
568 1879 793 1955 dissimulasse,
809 1879 890 1957 quod
907 1884 974 1938 tum
995 1877 1207 1941 Constantinus

175 1976 339 2055 imperium
353 1981 470 2054 regeret
484 1976 536 2055 qui
551 1977 619 2038 fana
632 1981 692 2036 toto
704 1977 776 2038 orbe
787 1976 1023 2038 celebratissima
1036 1977 1205 2055 evertebat,

176 2078 205 2133 et
214 2072 447 2134 christianorum
462 2073 589 2134 aedificia
603 2073 775 2133 exstruebat
784 2072 839 2153 (6).
858 2092 874 2133 ))

215 2172 353 2250 Denique
367 2171 399 2231 in
418 2171 581 2233 Constantii
595 2173 672 2250 lege,
688 2191 756 2253 quae
771 2173 803 2232 in
817 2173 918 2234 codiee
936 2172 1145 2234 Theodosiano
1160 2173 1206 2234 le·

176 2270 256 2349 gitur
269 2289 348 2330 anno
361 2268 418 2329 341
431 2271 528 2346 edita,
543 2290 663 2349 quaque
678 2289 795 2332 cessare
809 2272 1054 2350 superstitionem
1067 2277 1099 2333 et
1113 2271 1207 2333 sacri-

177 2368 316 2428 ficiorum
327 2367 440 2428 aboleri
453 2368 601 2428 insaniam
612 2367 748 2446 jubetur,
760 2368 810 2428 lex
820 2369 921 2449 aliqua
931 2369 1116 2431 Constantini
1124 2387 1206 2429 corn-

176 2471 381 2543 memoratur,
402 2466 434 2525 in
448 2468 530 2526 hunc
547 2467 695 2526 modum:
719 2465 946 2546 «Quicumque
970 2475 1081 2528 contro
1104 2469 1204 2544 tepent

176 2564 249 2624 Diui
260 2565 407 2641 porentia
421 2569 522 2625 nostri
537 2573 630 2626 ausus
648 2565 739 2625 fuerit
758 2565 904 2626 sacrificia
926 2566 1100 2642 celebrare,
1119 2584 1203 2626 oom-

177 2661 326 2739 potensin
340 2680 411 2721 eum
424 2661 552 2723 vindicta
566 2668 595 2723 et
609 2681 743 2743 praesens
756 2663 902 2724 sententia
915 2669 1055 2724 exeratur
1065 2661 1121 2743 (7).
1141 2681 1157 2722 ))

216 2761 261 2821 Ea
274 2765 354 2820 certe
365 2761 402 2820 de
416 2761 528 2840 quibus
543 2754 731 2822 consentiunt
745 2781 850 2822 omnes
869 2782 923 2841 pro
942 2762 1020 2822 veris
1037 2761 1211 2841 accipienda

178 2863 257 2918 sunt.
275 2859 417 2918 Attamen
433 2861 498 2920 haec
514 2860 694 2937 testimonia,
706 2879 776 2920 oum
790 2879 890 2939 neque
904 2861 992 2940 plane
1004 2861 1083 2920 inter
1097 2879 1140 2937 se,
1158 2880 1212 2920 ne·

178 2975 236 3034 que
256 2955 374 3034 legibus
393 2958 602 3037 praedictisque
625 2958 719 3018 titulis
734 2964 910 3036 congruant,
923 2958 1094 3037 diligentius
1111 2977 1205 3018 excu-

178 3053 277 3114 tienda
299 3054 439 3132 arbitror,
460 3061 494 3115 ut
512 3056 585 3135 quid
600 3056 648 3134 sit,
671 3076 738 3116 meo
754 3056 879 3136 judicio,
894 3056 1099 3134 verissimum,
1116 3075 1209 3136 quam

180 3149 310 3210 maxime
325 3151 456 3230 eluceat.v

212 3353 247 3422 (1)
265 3357 369 3419 Ζοεω.,
385 3357 430 3408 lib.
446 3370 474 3409 v.

213 3457 247 3524 (2)
264 3435 299 3511 ὸς
312 3455 483 3525 (Constantius
497 3457 656 3510 Constantini
667 3454 746 3520 lilius)
757 3449 827 3524 παρὰ
839 3452 883 3501 τοῦ
901 3449 994 3524 πατρὸς
1006 3449 1210 3524 σπινθῆρακακῶν

188 3544 327 3622 latapetra.
345 3557 456 3622 (Licin,
474 3561 539 3605 orat.
555 3553 781 3630 xxv,⁴Apolooct.)
833 3603 835 3608 .

213 3639 248 3706 (5)
266 3641 398 3701 Limatus,
413 3641 495 3691 oratio
506 3641 559 3703 pro
575 3641 690 3702 Templo
704 3640 777 3706 (edit.
793 3639 893 3698 Slnncr,
909 3639 1028 3690 mustus
1035 3641 1094 3700 par.
1113 3640 1209 3697 Grec..

181 3738 208 3787 p.
221 3725 280 3787 tot,
297 3725 356 3786 253,
372 3723 448 3790 ψῃ
470 3726 552 3776 oratio
567 3726 723 3776 Parentalir
742 3723 842 3776 Fabric.
865 3725 898 3776 B.
916 3723 960 3782 G„
980 3730 1001 3773 t.
1019 3722 1083 3783 vlu,
1099 3737 1125 3787 p.
1143 3723 1209 3784 ‘2843

181 3810 257 3874 epist.
271 3811 330 3869 7³0,
345 3811 406 3861 675.
420 3861 421 3864 ,

214 3891 251 3960 (ι)
267 3897 404 3954 turrinus,
419 3894 500 3946 oratio
514 3906 561 3945 ur.
677 3956 681 3964 ι

216 3980 249 4045 (5)
268 3981 350 4029 Αιηηι.
367 3979 514 4043 Minoam,
528 3991 586 4035 xxi.
604 3979 644 4042 lo,
659 3979 685 4030 8.

214 4079 250 4148 (6)
267 4076 453 4133 normanna
470 4073 520 4145 γὰρ
539 4069 663 4124 {Cardena
678 4071 711 4124 τά
724 4089 750 4124 τε
764 4074 812 4122 τῶν
830 4068 900 4142 ἱερῶν
917 4062 1098 4138 ἐπιφανέστατα
1111 4082 1210 4117 κατασ-

183 4171 274 4246 τρέφων
293 4171 335 4222 καὶ
355 4169 388 4221 τά
411 4174 459 4221 τῶν
480 4172 636 4242 Χριστιανῶν
659 4170 792 4242 &septipes
814 4167 947 4239 dissipare·
970 4173 1123 4238 (Eudamus,
1150 4174 1211 4226 Vita

183 4263 296 4320 AEdrstt,
311 4261 440 4314 osorton.
456 4271 546 4322 areo„
562 4258 645 4320 Didot,
660 4273 686 4323 p.
701 4259 772 4324 lot.)

217 4346 253 4412 (t)
272 4347 335 4398 cod.
354 4346 564 4404 Theodos.,xv1,
580 4341 621 4405 10,
636 4341 662 4394 t.
