3054 5046
756 539 916 602 ...92-

322 676 420 736 etesiis
429 694 491 737 una
498 677 646 754 doctrina,
658 676 774 736 sincera
783 675 923 753 charitas,
935 681 965 736 et
971 676 1160 737 consentiens
1169 696 1240 756 erga
1250 678 1349 739 Deum

321 775 474 854 religionis
496 775 596 836 cultus
615 779 796 836 servaretur.
819 774 919 845 Quam
937 774 975 834 ad
996 773 1090 834 finem
1110 775 1348 854 assequendam,

322 874 465 954 quoniam
485 873 543 934 alia
564 857 677 934 ratione
697 873 728 932 id
751 873 818 934 fieri
835 892 896 934 uon
913 892 1001 953 posse
1019 872 1188 950 videretur,
1210 892 1350 953 magnam

323 971 533 1050 episcoporum
546 970 668 1032 turbam
682 989 714 1030 se
728 970 759 1031 in
773 989 870 1031 unum
884 971 1029 1049 coegisse,
1041 977 1150 1032 etcum
1160 971 1203 1031 eis
1217 989 1278 1032 una
1292 973 1348 1032 ad·

323 1068 427 1130 fuisse.
449 1068 531 1129 Nihil
552 1068 601 1129 hic
620 1067 913 1147 praeteritumfuisse
927 1068 1008 1147 quod
1022 1068 1222 1149 inposterum
1237 1069 1352 1130 dissen-

324 1165 415 1226 sionis
432 1172 484 1226 aut
501 1165 708 1226 controversia
728 1183 817 1225 causa
831 1165 898 1226 fieri
911 1170 1021 1244 posset.
1036 1165 1190 1226 Placuisse
1204 1165 1307 1244 igitur,
1319 1171 1353 1224 ut

324 1282 429 1324 omnes
439 1263 552 1343 ubique
566 1283 627 1325 uno
642 1269 672 1324 et
684 1265 792 1324 eodem
805 1264 853 1324 die
869 1263 1013 1339 Pasobale
1028 1263 1139 1326 festum
1152 1263 1350 1324 celebrarent.

235 1399 242 1414 ·
323 1361 484 1423 Neminem
499 1361 581 1422 enim
597 1381 658 1422 non
670 1362 839 1441 intelligere
852 1380 945 1441 quam
955 1380 1055 1440 grave,
1070 1379 1163 1440 quam
1176 1360 1353 1421 indecorum

325 1459 363 1520 sit
376 1460 450 1521 utin
460 1479 493 1520 re
503 1466 566 1521 tam
580 1466 682 1520 saneta
696 1464 797 1520 ettam
812 1459 939 1519 solemni
954 1459 1017 1519 ulla
1026 1458 1172 1519 dissensio
1186 1457 1308 1535 existat,
1325 1463 1355 1519 et

324 1557 432 1618 iisdem
446 1558 552 1618 diebus
565 1558 615 1618 alii
622 1551 748 1638 jejuniis
760 1561 876 1634 vacent,
888 1555 940 1616 alii
954 1543 1069 1634 agitent
1079 1556 1229 1631 convivia3
1244 1561 1274 1616 et
1288 1561 1355 1636 post

326 1655 389 1716 dies
399 1655 565 1735 paschales,
581 1655 632 1716 alii
641 1655 672 1716 in
682 1654 766 1714 festis
775 1659 805 1714 et
814 1653 986 1714 animorum
996 1653 1173 1714 remissione
1183 1659 1352 1729 versentur,

326 1752 376 1812 alii
397 1751 569 1833 prescriptis
589 1751 713 1831 jejuniis
727 1770 760 1811 se
782 1751 900 1812 dedant.
924 1751 1044 1811 Rursus
1063 1755 1092 1811 et
1111 1750 1355 1828 indignissimum

325 1848 420 1908 videri
434 1854 464 1910 et
477 1868 495 1910 a
508 1848 678 1910 christianis
691 1848 800 1909 animis
815 1848 1053 1925 alienissimum,
1068 1848 1245 1909 christianos
1255 1848 1287 1908 in
1299 1849 1356 1908 hac

327 1945 507 2008 celebranda
531 1946 717 2007 solemnitate
739 1947 915 2008 Judaeorum
934 1946 1028 2006 ritum
1050 1952 1080 2006 et
1107 1945 1356 2007 consuetudinem

326 2042 436 2104 imitari
451 2041 506 2124 (1).

367 2140 447 2200 Latae
460 2139 551 2201 simul
564 2141 707 2202 adversus
720 2141 830 2202 Arium
845 2143 971 2220 ejusque
984 2142 1116 2203 fautores
1132 2139 1285 2201 sententiae
1299 2139 1356 2200 im-

327 2240 447 2315 perator
460 2255 582 2315 poenam
596 2237 764 2318 adscripsit,
779 2238 931 2316 Ariusque
945 2247 975 2299 et
989 2238 1041 2317 qui
1051 2237 1079 2297 ei
1094 2237 1231 2298 favebant
1241 2236 1360 2297 multati

328 2336 413 2397 fuere
427 2337 527 2414 exilio,
542 2339 591 2399 eui
601 2357 633 2399 se
643 2338 792 2400 Eusebius
802 2339 1039 2400 Nicomediensis
1050 2343 1080 2412 et
1095 2337 1219 2417 quidam
1232 2337 1294 2414 alii,
1312 2355 1358 2396 re-

329 2439 413 2513 cepta
426 2454 487 2495 non
499 2435 610 2496 libente
623 2436 723 2497 animo
739 2436 810 2497 fidei
820 2437 961 2513 formula,
977 2436 1164 2496 subtraxere.

368 2531 445 2608 Imo,
462 2531 673 2594 Constantinus
683 2538 717 2592 ut
726 2533 835 2592 Arium
850 2533 977 2612 ejusque
992 2538 1151 2593 sectatores
1164 2531 1292 2592 infames
1308 2531 1322 2589 f
1341 2564 1354 2574 -

330 2632 421 2704 caret,
434 2627 654 2708 porphyrianos
668 2631 837 2709 nuncupari
846 2631 978 2710 ‚ejusque
993 2649 1083 2710 opera
1102 2631 1134 2691 in
1148 2621 1281 2690 medium
1303 2630 1357 2689 ad-

331 2724 419 2785 ducta
432 2728 615 2787 concremari
627 2727 728 2807 jussit,
744 2728 913 2808 sanxitque,
930 2732 974 2804 ut,
991 2729 1016 2789 si
1029 2728 1097 2807 quis
1110 2727 1223 2788 librum
1234 2728 1271 2788 ab
1286 2728 1358 2788 Ario

330 2823 528 2901 compositum
552 2825 716 2885 occultasse
736 2825 1023 2905 deprehenderetur,
1039 2825 1139 2885 statim
1154 2825 1354 2903 comprehen-

331 2908 383 2980 sus
405 2920 499 3000 capite
517 2923 699 3000 plecteretur
717 2921 773 3002 (ἢ).
790 2921 893 2982 Tradit
912 2922 1117 2982 Theodoretus
1133 2920 1361 2981 Constantinum

332 3017 466 3078 ecclesiae
479 3018 701 3079 Nicomediensi
724 3019 890 3098 scripsisse,
906 3024 940 3079 ut
953 3020 1094 3080 doctrinae
1117 3018 1233 3079 concilii
1257 3019 1360 3078 adhae-

332 3121 475 3191 rasceret,
491 3115 700 3195 miratumque
714 3134 780 3176 esse
794 3135 845 3176 eos
858 3117 911 3196 qui
924 3117 1052 3178 Arianos
1066 3116 1201 3192 laudare,
1217 3114 1363 3194 vel'sequi

333 3212 528 3290 sustinerent,
546 3212 692 3292 supplicio
705 3231 737 3274 se
751 3213 931 3275 affecturum
946 3213 1001 3296 (3).

372 3310 476 3372 Rebus
498 3310 703 3371 ecclesiasticis
725 3311 766 3372 ita
782 3311 937 3389 ordinatis,
954 3317 984 3372 et
997 3311 1161 3388 conciliata,
1178 3315 1212 3370 ut
1226 3310 1359 3387 rebatur,

334 3430 416 3491 pace,
439 3414 469 3470 et
493 3409 614 3488 imperii
636 3409 842 3470 vicennalibus
864 3409 994 3470 convivio
1015 3410 1166 3489 frequenti
1194 3407 1361 3482 celebratis

334 3507 557 3584 Constantinus,
582 3513 743 3587 antequam
763 3507 950 3569 discederent
972 3508 1126 3589 episcopos
1148 3507 1314 3583 admonuit,
1331 3511 1364 3565 ut

334 3605 468 3667 modeste
482 3623 554 3683 erga
566 3605 730 3682 tenuiores,
749 3610 779 3665 et
801 3605 998 3666 concordibus
1011 3605 1089 3666 inter
1104 3623 1170 3666 sese
1184 3603 1292 3664 animis
1309 3604 1363 3664 de-

286 3712 289 3718 “
334 3707 450 3801 gerent,
466 3702 632 3781 seduloque
650 3702 777 3763 vitarent
796 3702 944 3783 quidquid
957 3703 1041 3763 novis
1062 3702 1299 3764 dissensionibus
1314 3702 1360 3761 lo-

336 3818 407 3860 oum
415 3798 486 3860 dare
497 3798 619 3879 posset(
639 3797 662 3878 ).

369 3977 404 4039 (l)
422 3976 545 4034 souma,
561 3975 634 4026 Hist.
649 3976 748 4036 eccles„
763 3987 782 4034 r,
796 3977 822 4027 6.

369 4060 404 4122 (t)
421 4059 507 4110 Victor
528 4059 709 4110 Constantinus
730 4059 853 4112 Maximus
872 4061 1002 4125 Augustus
1024 4060 1156 4125 Episcopis
1174 4068 1201 4113 et
1221 4060 1316 4125 populo
1337 4059 1364 4110 S.

305 4141 307 4145 ’
336 4146 469 4206 (socnam,
484 4145 556 4195 litet.
572 4145 670 4200 arctoa,
686 4155 704 4203 1,
719 4143 745 4194 6.
759 4171 791 4180 -
805 4145 915 4207 sozom,
933 4147 1003 4198 Hist.
1021 4147 1119 4204 eccles,
1133 4143 1163 4211 ι.)

370 4227 406 4294 (5]
424 4229 572 4291 romeon,
587 4230 658 4279 aar.
675 4230 773 4288 eccles„
788 4241 807 4291 1,
822 4229 865 4280 tt.

370 4313 406 4381 (t)
425 4315 528 4376 Busan,
549 4317 600 4366 να.
618 4317 721 4375 coast,
734 4325 773 4378 ru,
789 4314 833 4366 20.
