3054 5046
594 608 754 670 ...21-

158 745 362 820 terpretantur
375 739 431 823 (l).
446 741 491 803 De
504 743 561 803 hoc
575 743 684 804 certior
694 745 795 805 ianus
810 744 991 805 Maximinus
1005 745 1094 828 (illud
1107 746 1188 808 enim

158 839 340 919 rescriptum
349 840 479 918 Augusti
489 841 526 901 ad
539 860 611 901 eum
622 842 802 902 mittendum
815 844 1005 924 curaverant)
1014 863 1189 924 quanquam

159 938 263 998 datum
282 939 474 1000 Constantino
496 942 754 1001 senatusconsulto
772 942 938 1022 principem
962 943 1041 1003 inter
1064 944 1187 1022 Augus-

157 1040 203 1095 tos
217 1036 319 1095 locum
334 1038 458 1097 moleste
474 1038 597 1114 terebat,
611 1038 667 1099 sibi
681 1044 782 1099 tamen
797 1040 922 1119 pacique
940 1041 1097 1115 consulere
1108 1042 1190 1104 visus

158 1139 214 1211 est,
236 1135 262 1194 si
283 1135 360 1195 iram
381 1137 470 1196 corde
489 1143 654 1216 premeret,
677 1143 708 1198 et
730 1139 857 1199 decretis
877 1139 1083 1200 assentiretur.
1110 1141 1189 1202 Tum

158 1232 259 1293 missis
276 1234 313 1294 ad
331 1233 477 1295 Sabinum
494 1237 671 1316 praelectum
690 1237 807 1314 litteris,
826 1256 901 1316 quas
918 1237 1067 1298 Eusebius
1088 1240 1188 1317 tradit,

155 1332 219 1411 jam
245 1337 364 1393 tantum
389 1335 582 1414 persuasione
611 1340 641 1396 et
668 1336 739 1396 solis
766 1336 983 1396 hortationibus
1011 1337 1190 1399 flectendam

158 1431 390 1493 christianorum
412 1435 605 1514 pertinaciam
621 1436 722 1515 jussit,
749 1435 861 1515 quibus
880 1435 938 1496 nisi
961 1438 1188 1517 responderent,

158 1549 213 1591 nec
227 1532 290 1593 ulla
302 1531 415 1593 ratione
428 1540 549 1613 possent
558 1534 666 1596 adduci
676 1540 709 1594 ut
719 1535 756 1594 ad
766 1535 859 1596 bonas
874 1540 991 1596 mentes
1004 1537 1080 1596 etad
1090 1539 1187 1617 majo-

157 1647 227 1688 rum
247 1629 435 1709 disciplinam
454 1638 688 1709 reverterentur,
716 1632 811 1694 libere
834 1652 1086 1713 unumquemque
1107 1634 1188 1714 quod

157 1725 214 1806 ipsi
224 1727 342 1806 liberet,
359 1729 457 1790 colere
468 1729 601 1790 sinerent
615 1729 670 1811 (2).

198 1825 280 1902 Mox,
295 1826 418 1888 ineunte
436 1847 514 1888 anno
528 1826 598 1905 313,
616 1828 827 1890 Constantinus
841 1833 871 1890 et
884 1827 1017 1888 Licinius
1030 1827 1190 1891 Mediolani

156 1931 377 1988 commorantes
390 1927 520 1987 alterum
534 1927 677 2004 edictum,
693 1928 774 2007 quia,
789 1932 864 1988 teste
878 1926 1020 2004 Eusebio,
1033 1927 1118 2007 prius
1128 1947 1189 1989 non

156 2024 234 2086 bene
249 2030 444 2101 successerat,
461 2026 737 2104 promulgaverunt,
753 2042 814 2104 quo
825 2024 999 2085 solemniter
1014 2045 1030 2084 <r
1046 2043 1084 2085 ea
1099 2027 1188 2086 ordi-

158 2123 283 2184 nubant
293 2123 407 2202 quibus
417 2122 604 2183 Divinitatis
613 2125 792 2183 reverentia
810 2125 990 2183 continetur
1004 2121 1060 2203 (3).
1078 2142 1094 2183 r

196 2221 228 2282 Si
238 2220 276 2282 ad
286 2221 351 2301 ipsa
358 2222 485 2300 hujusce
495 2220 583 2282 edicti
590 2220 681 2282 verba
688 2221 850 2281 attenderis
860 2221 937 2281 nihil
944 2221 1026 2280 aliud
1036 2220 1189 2299 Augustos

157 2325 305 2401 spectasse
319 2319 464 2397 invenieS,
481 2338 573 2399 quam
587 2325 631 2396 ui,
647 2319 783 2380 civilibus
798 2319 923 2380 sublatis
938 2317 1186 2396 dissensionibus,

156 2437 260 2499 pacem
271 2422 300 2479 et
313 2418 560 2498 tranquillitatem
573 2417 758 2497 Reipublicae
768 2418 970 2478 restituerent.
987 2417 1050 2477 Nec
1064 2436 1102 2477 ex
1116 2436 1186 2478 con·

156 2517 278 2579 scientia
293 2517 423 2576 hominis
437 2517 601 2594 christiani,
614 2517 666 2576 sed
677 2536 693 2577 e
703 2518 807 2594 legum
817 2517 919 2576 latoris
932 2514 1075 2595 sapientia
1085 2521 1185 2576 ortum

154 2616 314 2678 consilium
327 2620 461 2695 apparet.
474 2615 531 2675 Hic
544 2614 694 2695 principes
707 2615 789 2694 loqui
799 2615 938 2676 videntur
947 2632 1008 2674 non
1018 2613 1181 2674 christiani.

155 2715 264 2795 Agitur
272 2715 308 2776 de
318 2733 334 2774 t
346 2713 533 2774 Divinitotis
542 2715 731 2774 reverentia.
743 2732 809 2772 r—
819 2713 914 2773 Datur
926 2731 942 2773 u
958 2712 1148 2772 christianis
1159 2717 1188 2772 et

156 2813 303 2873 omnibus
313 2811 414 2871 libera
423 2817 563 2888 potestus
577 2811 729 2887 sequendi
743 2810 930 2888 reliqiorrem
941 2828 1038 2888 quum
1049 2810 1181 2886 quisque

155 2913 300 2973 voluerit.
321 2929 393 2971 ))-
411 2929 427 2970 ((
444 2910 511 2970 Hoc
528 2909 659 2970 consilio
677 2910 800 2970 salubri
816 2929 853 2970 ue
867 2910 1044 2970 rectissima
1057 2907 1183 2968 ratione

154 3009 336 3070 ineundum
347 3026 411 3069 esse
421 3008 636 3082 crediderunt,
650 3013 686 3067 ut
695 3007 779 3068 nulli
789 3009 919 3068 omnino
932 3006 1118 3086 facultatem
1130 3006 1184 3065 ab·

155 3109 340 3187 nequedum
350 3112 504 3185 putarent
518 3108 574 3184 qui
587 3106 636 3166 vel
648 3106 861 3166 observationi
873 3106 1125 3165 christianorum
1136 3105 1185 3165 vel

155 3209 184 3267 ei
203 3207 353 3283 reliqiorri
369 3212 508 3266 mentem
524 3191 618 3267 suum
635 3206 763 3265 dederet
779 3223 878 3283 quom
896 3204 962 3280 ipse
979 3203 1040 3262 sibi
1057 3202 1185 3279 aptissi·
1270 3255 1272 3258 .

154 3323 243 3365 mam
254 3323 317 3365 esse
327 3305 466 3365 sentiret.
484 3323 500 3363 >r
515 3304 559 3364 De
572 3302 741 3363 christianis
755 3301 905 3383 praecipua
916 3300 1027 3360 mentio
1038 3300 1109 3379 quia
1118 3317 1186 3380 per-

154 3403 267 3464 secutio
280 3403 330 3464 uix
345 3403 546 3480 deferbuerat,
558 3402 611 3462 sed
622 3403 710 3481 plena
719 3399 866 3460 universis
880 3403 909 3459 et
923 3398 1049 3477 singulis
1063 3397 1186 3458 libertas

154 3520 241 3582 aeque
255 3502 408 3563 tribuitur.
429 3521 524 3562 r—cr
539 3501 630 3574 Quod
640 3520 712 3561 oum
724 3500 838 3560 iisdem
848 3495 1043 3581 (christianis)
1058 3517 1079 3557 a
1092 3496 1183 3557 nobis

155 3619 219 3662 esse
226 3602 390 3663 indultum
397 3601 578 3681 pervideas,
588 3599 739 3677 intelltpit
749 3599 867 3659 dicatio
876 3604 934 3658 tua
942 3599 1040 3658 etiam
1051 3597 1126 3658 aliis
1135 3616 1185 3659 re·

187 3798 222 3865 (i)
240 3799 357 3864 Bergoot
370 3799 546 3864 (Histoire-de
560 3799 587 3850 to
597 3798 763 3850 destruction
777 3799 815 3849 du
834 3797 995 3861 poponirme
1006 3802 1039 3847 en
1052 3795 1186 3856 madent,

156 3891 175 3937 t.
198 3884 218 3945 l,
241 3899 266 3949 p.
288 3886 332 3945 57l
347 3897 399 3936 uon
416 3884 517 3949 plenam
534 3885 559 3935 in
579 3897 610 3936 eo
631 3885 755 3948 rescripto
776 3881 921 3934 christianis
940 3881 1086 3933 libertatem
1104 3882 1189 3932 conti-

156 3968 211 4019 neri
225 3969 362 4020 existimat.

188 4053 222 4104 ll.
241 4053 331 4104 Albert
346 4054 379 4105 de
392 4054 493 4121 Broglie
507 4047 637 4122 (L'liotise
654 4055 678 4106 et
700 4054 831 4118 l'Bmpire
851 4052 961 4102 romain
980 4062 1018 4102 uu
1036 4051 1051 4100 1
1055 4049 1087 4101 V·
1100 4044 1187 4107 ridete,

157 4146 176 4190 t.
197 4141 217 4201 l,
237 4155 263 4206 p.
279 4138 339 4205 esi)
352 4141 456 4192 nimiam
474 4141 631 4208 quibuslibet
648 4141 736 4202 sectis,
756 4139 794 4190 uti
813 4135 1021 4204 quadraretur,
1036 4130 1188 4184 lasciviendi

155 4232 309 4290 potestatem
323 4239 471 4279 concessam
484 4232 566 4291 putat.

188 4309 225 4378 (Ξ)
244 4311 348 4374 bosso„
364 4313 436 4364 ilict.
453 4312 552 4370 eccur„
567 4321 604 4372 ur,
620 4311 645 4360 8.

188 4393 226 4461 (ὅ)
247 4395 387 4458 tuoruum,
402 4398 441 4449 De
454 4398 535 4448 mort.
547 4396 690 4459 persecut..
704 4394 748 4444 ts.
