3054 5046
740 511 901 574 ..96-

310 654 340 710 et
350 667 450 710 coram
463 647 750 728 respondente-falsa
763 665 829 707 esse
843 647 1005 726 imperator
1015 647 1152 727 pervidit,
1163 648 1337 728 litterasque

311 748 522 810 Alexandrinis
542 748 660 827 scripsit
673 746 785 826 quibus
804 746 1002 808 Athanasium
1016 748 1091 808 salso
1104 748 1136 808 in
1153 749 1269 810 crimen
1282 769 1336 810 vc-

311 852 411 906 catum
433 844 526 905 luisse
547 844 726 905 declarabat.
744 845 839 923 Cujus
860 844 993 923 epistolae
1012 845 1077 905 haec
1097 850 1183 906 erant
1204 852 1339 907 extrema

311 945 402 1006 verba
419 962 425 1002 :
444 963 460 1003 a
476 945 544 1025 Ipse
563 943 704 1021 equidem
725 947 859 1003 vestrum
882 943 1057 1023 episcopum
1075 943 1274 1004 Athanasium
1294 945 1340 1004 lu·

311 1042 386 1101 bens
399 1040 522 1117 admisi,
538 1039 640 1119 sicque
655 1059 725 1100 eum
746 1041 853 1100 affatus
870 1058 940 1099 sum
959 1045 992 1099 ut
1012 1040 1167 1101 hominem
1181 1040 1339 1121 (quemad-

312 1139 437 1199 modum
458 1137 532 1198 mihi
551 1136 730 1218 persuadeo)
751 1137 803 1216 qui
824 1137 924 1198 Deum
944 1144 1044 1198 sancte
1067 1137 1265 1217 religioseque
1284 1158 1336 1199 co-

313 1235 347 1295 lit
356 1235 442 1315 (1).»

351 1334 483 1394 Vincunt
500 1338 602 1394 tamen
616 1351 665 1410 ea,
688 1352 756 1412 quae
777 1333 846 1394 licet
866 1334 1001 1412 primum
1021 1333 1154 1414 abjecta,
1176 1335 1340 1413 saepissime

313 1436 500 1511 repetuntur.
520 1430 659 1492 Assiduis
682 1431 827 1490 nimirum
852 1430 1077 1492 criminantium
1097 1433 1229 1511 querelis
1242 1434 1341 1493 sessus

312 1529 475 1608 imperator
496 1529 639 1589 Caesareae
662 1528 695 1588 in
706 1527 856 1588 Palestina
871 1529 1031 1588 concilium
1046 1530 1201 1590 convocari
1215 1535 1244 1589 et
1259 1529 1341 1590 inea

313 1625 389 1686 urbe
401 1625 550 1704 judicium
566 1626 602 1686 de
613 1624 775 1686 Athanasio
790 1626 924 1686 exerceri
937 1625 1038 1704 jussit.
1054 1626 1102 1686 Ad
1115 1627 1207 1705 quod,
1223 1625 1259 1686 ab
1276 1627 1341 1705 ipso

313 1725 493 1805 imperatore
502 1731 623 1787 vocatus
637 1726 819 1787 Athanasius
834 1745 894 1787 non
905 1727 994 1788 venit.
1009 1727 1095 1787 'lunc
1109 1726 1339 1804 Constantinus,

314 1823 457 1901 quoniam
482 1823 706 1903 suspicabatur,
735 1829 768 1883 ut
798 1823 868 1883 dicit
891 1824 1115 1901 Theodoretus,
1144 1811 1342 1884 Athanasium

314 1921 458 1981 Caesareae
482 1922 604 1998 adesse,
630 1926 752 2000 propter
775 1922 902 2000 hujusce
925 1920 1010 1981 urbis
1028 1921 1190 1982 antistitem
1213 1921 1340 1982 minime

313 2017 390 2078 velle
408 2016 464 2097 (2),
486 2022 520 2077 ut
538 2018 698 2077 concilium
711 2017 781 2096 Tyri
796 2023 952 2096 cogeretur
965 2017 1132 2097 imperavit,
1147 2037 1252 2079 omnes
1266 2024 1296 2078 et
1309 2018 1341 2077 in

314 2115 420 2195 primis
436 2116 645 2192 Athanasium,
662 2115 720 2176 nisi
733 2115 983 2194 obsequerentur,
998 2116 1046 2175 his
1066 2115 1165 2176 verbis
1186 2116 1338 2177 minatus:

316 2234 332 2274 c
355 2213 442 2284 Quod
465 2213 490 2272 si
507 2213 590 2291 quis,
615 2213 692 2273 sicut
710 2213 835 2274 minime
849 2213 999 2292 suspicor,
1014 2219 1152 2274 nostrum
1165 2214 1341 2275 mandatum

315 2310 404 2372 etiam
417 2330 499 2371 nunc
517 2310 622 2371 callide
640 2311 764 2389 rejicere
784 2312 923 2388 studens,
946 2312 983 2373 ad
1004 2312 1164 2372 concilium
1182 2312 1341 2372 adventare

314 2415 456 2471 recuset:
472 2409 543 2469 hinc
559 2409 677 2470 anobis
696 2410 806 2489 aliquis
823 2410 959 2470 mittetur
978 2410 1031 2488 qui
1041 2411 1123 2471 eum
1141 2412 1229 2488 cepio
1247 2430 1341 2470 man-

316 2509 390 2568 dato
406 2509 444 2568 de
455 2508 758 2586 dtpnitotedejiciat,
773 2509 942 2585 doceatque
951 2527 1018 2567 uon
1029 2509 1137 2569 decere
1147 2527 1341 2586 quemquam

316 2607 526 2667 decisionibus
541 2607 743 2682 imperatoris
753 2624 815 2682 pro
829 2607 961 2666 veritate
971 2607 1063 2666 editis
1074 2607 1241 2667 aduersari
1255 2604 1300 2687 (3)
1322 2625 1338 2665 r

315 2702 412 2764 Simul
439 2702 562 2764 concilio
584 2721 652 2781 quae
673 2707 703 2762 et
722 2703 834 2780 quibus
856 2703 964 2763 animis
983 2703 1135 2764 tractanda
1156 2708 1256 2764 essent
1277 2703 1342 2782 ipse

316 2800 397 2879 regie
410 2801 568 2878 scribebat,
584 2804 614 2860 et
627 2800 766 2878 Dionysio
780 2801 930 2862 consulari
939 2801 1003 2861 viro
1012 2800 1101 2862 dabat
1109 2801 1142 2861 in
1151 2801 1299 2861 mandatis
1309 2806 1342 2860 ut

215 2933 220 2940 ·
315 2898 491 2959 admoneret
509 2916 560 2958 eos
581 2916 657 2976 quos
678 2898 716 2957 ad
733 2897 893 2957 concilium
913 2898 1054 2959 accedere
1068 2903 1232 2979 oporteret,
1248 2901 1279 2958 et
1293 2897 1339 2957 vi-

316 2995 401 3056 deret
413 3002 550 3056 accurate
564 3014 602 3055 ne
616 2995 689 3073 quid
704 2999 806 3078 contra
819 2995 957 3056 ordinem
968 2996 1175 3075 rationemque
1190 2993 1339 3076 tieret(4).
1395 3027 1398 3032 >

356 3093 452 3155 Haesit
467 3091 653 3170 aliquamdiu
667 3091 849 3152 Athanasius
864 3098 969 3176 utrum
982 3094 1173 3155 Alexandriae
1187 3090 1339 3168 maneret,

267 3175 274 3247 f
316 3209 355 3252 an
378 3189 562 3250 Constantini
583 3189 678 3267 jussis
705 3189 941 3272 obsequeretur3
969 3208 1025 3252 neo
1052 3191 1215 3272 apparebat
1238 3191 1343 3252 inanes

316 3289 528 3366 imperatorem
552 3285 649 3346 minas
667 3287 809 3366 jactasse,
837 3303 894 3345 nec
917 3288 1140 3366 dubitaturum,
1160 3287 1342 3349 abnuentem
1386 3275 1388 3278 ¹

316 3383 489 3446 adhibitavi
511 3401 649 3444 coercere
660 3371 677 3460 ,⁵
690 3383 744 3462 qui
764 3402 862 3443 unum
880 3403 918 3446 ex
936 3384 1148 3444 Alexandrinis
1162 3383 1343 3464 presbyteris

316 3483 481 3544 Macarium
492 3482 600 3542 iisdem
613 3481 789 3543 criminibus
799 3481 980 3561 implicitum
990 3483 1216 3562 comprehendi,
1231 3487 1261 3543 et
1273 3483 1340 3543 vin-

317 3579 393 3640 culis
412 3578 603 3640 constrictum
620 3579 657 3639 ad
670 3579 830 3639 concilium
845 3578 953 3640 adduci
969 3580 1110 3659 jusserat.
1126 3580 1240 3659 Tyrum
1253 3578 1344 3657 igitur

351 3761 386 3828 [1)
403 3763 548 3825 Turonos,
564 3765 634 3814 Huc.
650 3764 748 3823 cretea,
763 3764 783 3826 1,
797 3763 840 3816 27.
856 3791 887 3802 -
901 3765 1024 3828 socam„
1039 3767 1112 3818 Birt.
1126 3766 1226 3825 eccles,
1241 3775 1259 3827 r,
1274 3763 1316 3815 20.

351 3848 387 3916 (a)
404 3851 515 3912 'sauoo.,
530 3850 603 3901 Hist.
620 3850 718 3909 eccles,
733 3850 753 3912 l,
768 3849 809 3900 ⁶28.

279 3947 293 3960 =
350 3933 387 4002 (ὅ)
403 3935 514 3994 Traron,
530 3935 602 3984 Hist.
619 3934 716 3994 coclea,
731 3933 752 3995 1,
767 3932 810 3984 tt.

351 4017 488 4070 Athanasio
502 4019 681 4068 Constantinus
698 4017 831 4082 scripsisse
845 4017 866 4068 si
881 4032 930 4068 non
945 4031 990 4068 sua
1005 4023 1096 4082 sponte
1111 4017 1186 4070 vellet
1205 4017 1237 4067 ad
1254 4013 1347 4068 Conci-

318 4102 521 4166 liumaccedere,
530 4103 556 4153 vi
569 4115 600 4152 eo
614 4103 750 4153 deductum
761 4103 803 4164 iri,
818 4102 936 4152 Socrates
950 4102 1028 4154 refert
1042 4105 1124 4167 (Hist.
1143 4104 1241 4161 eccles,
1254 4113 1282 4159 n,
1293 4097 1349 4164 20).

350 4187 386 4255 (4)
403 4189 514 4250 Tusco,
532 4189 705 4251 Imperatoris
720 4189 894 4239 constantim
910 4188 946 4238 od
961 4189 1112 4240 concillum
1130 4188 1244 4251 epistota
1258 4185 1341 4251 (Htst.

318 4274 417 4331 eccles„
434 4274 452 4333 Ι,
466 4271 508 4322 29.
524 4299 554 4308 -
571 4273 677 4333 Enseu,
697 4274 749 4326 ru.
769 4273 868 4330 comt..
883 4283 920 4332 iv,
935 4269 977 4322 li.
