3054 5046
763 556 923 616 ..54-

368 694 435 754 Jam
448 711 518 753 vero
532 691 557 752 si
571 691 724 753 adrerum
739 690 898 772 scriptores
913 691 1049 752 aiiimum
1062 691 1255 770 attendimus,
1270 693 1356 772 longe

329 791 417 853 aliter
428 809 460 851 se
473 809 522 851 res
536 789 654 850 videtur
666 789 820 850 habuisse.

369 888 520 949 Eusebius
534 888 616 948 enim
631 887 860 950 Constantinum
873 885 963 948 tradit
975 905 1036 947 non
1055 887 1144 948 modo
1157 889 1271 969 templa
1284 907 1357 950 auro

329 993 359 1047 et
372 992 495 1065 argento
506 986 661 1066 spoliasse,
674 986 727 1046 sed
740 984 936 1046 echristianis
947 986 1109 1046 nonnullos
1120 977 1238 1047 misisse
1248 987 1360 1066 quibus

329 1085 506 1146 mandatum
519 1085 627 1166 eratJut
635 1084 668 1144 in
678 1083 739 1144 ima
750 1089 779 1144 et
789 1088 903 1144 secreta
913 1084 1097 1162 templorum
1106 1091 1311 1163 penetrarent,
1323 1085 1362 1145 si·

329 1182 465 1244 mulacra
479 1201 496 1242 e
511 1182 651 1242 sanorum
665 1182 749 1242 cellis
759 1181 791 1241 in
800 1183 901 1242 lucem
911 1182 1096 1260 proferrent,
1112 1200 1204 1242 aurea
1220 1188 1272 1241 aut
1284 1201 1356 1261 pre·

328 1281 412 1342 tiosis
430 1280 613 1341 ornamentis
627 1280 823 1356 circumfusa,
842 1279 889 1340 vel
904 1298 972 1358 quae
987 1298 1024 1339 ex
1042 1297 1102 1341 aere
1121 1281 1247 1364 conflata
1259 1281 1359 1359 operis

329 1378 553 1458 pulchritudine
574 1377 702 1456 insignia
716 1382 812 1453 erant,
830 1382 971 1456 raperent
990 1377 1216 1456 auferrentque,
1232 1377 1359 1439 delubra

330 1473 592 1554 superstitionibus
614 1473 769 1535 autmalis
789 1473 947 1534 fraudibus
968 1473 1092 1534 infamia
1110 1474 1172 1534 solo
1190 1480 1356 1552 aequarent,

330 1593 398 1653 quae
418 1573 519 1634 omnia
540 1572 681 1632 facillime
704 1577 734 1632 et
755 1571 840 1632 nullo
862 1571 1037 1632 adversante
1061 1571 1192 1650 perlecta
1212 1575 1283 1630 sunt
1300 1569 1356 1652 (1).

328 1673 454 1751 Templa
473 1671 505 1731 in
524 1669 666 1731 Phenicia
682 1669 753 1746 duo,
774 1668 922 1728 nnumin
944 1667 1057 1745 Cilicia,
1079 1668 1161 1728 omni
1175 1687 1286 1746 genere
1301 1687 1355 1728 su-

329 1768 511 1848 perstitionis
525 1772 555 1827 et
569 1765 719 1846 spurcitiae
733 1767 848 1826 famosa
861 1765 996 1825 funditus
1009 1765 1095 1824 fuere
1106 1783 1210 1825 eversa
1219 1763 1265 1845 (2)
1275 1811 1283 1841 ,
1294 1764 1358 1844 ipsa

329 1885 514 1946 paganorum
536 1863 746 1940 multitudine,
771 1863 914 1942 quoniam
935 1863 1039 1922 nullus
1060 1862 1142 1922 Deus
1154 1861 1357 1923 intercedebat

330 1970 359 2024 et
373 1983 409 2024 ea
419 1961 612 2039 defendebat,
627 1980 702 2022 vana
712 1963 777 2021 haec
790 1960 892 2022 omnia
907 1965 937 2021 et
951 1960 1051 2021 inania
1064 1960 1245 2040 praedicante
1259 1965 1289 2020 et
1298 1977 1361 2020 ma-

328 2062 432 2141 jorum
447 2077 595 2139 suamque
608 2061 783 2120 hesternam
796 2058 1004 2119 credulitatem
1014 2057 1157 2119 irridente
1167 2057 1222 2140 (3).

370 2157 488 2218 Passim
497 2157 598 2217 videre
613 2162 677 2228 erat
685 2160 801 2216 veteres
811 2156 907 2234 Deos,
921 2161 1065 2235 tanquam
1075 2157 1220 2235 captivos,
1236 2157 1360 2218 funibus

332 2255 432 2330 trahi3
448 2273 544 2333 eaque
558 2252 735 2330 simulacra,
751 2272 819 2333 quae
833 2253 1009 2332 religionem
1027 2253 1142 2314 tamdiu
1160 2253 1360 2314 excitaverant

333 2359 363 2414 et
382 2353 588 2433 expleverant,
603 2353 667 2431 Jam
689 2358 811 2432 propter
828 2357 923 2413 artem
937 2358 1055 2413 tantum
1068 2358 1120 2412 aut
1131 2353 1290 2414 materiam
1306 2370 1360 2432 pro

332 2451 432 2531 aliquo
462 2450 557 2530 pretio
587 2450 702 2527 habita,
732 2449 1018 2529 Constantinopolim
1044 2449 1302 2529 importabantur,
1328 2453 1363 2508 ut

332 2548 537 2610 monumentis
550 2548 679 2628 publicis
698 2553 749 2609 aut
769 2548 842 2608 ioris
860 2554 911 2608 aut
929 2547 1092 2628 porticibus
1114 2548 1237 2609 alterius
1256 2549 1361 2608 Romae

334 2648 434 2708 decori
449 2652 478 2708 et
491 2651 667 2708 ornamento
681 2647 798 2706 tierent.

371 2746 483 2825 Pagani
497 2745 554 2825 ipsi
570 2746 729 2826 scriptores
743 2763 782 2805 ne
797 2745 895 2805 excisa
911 2743 1035 2823 quidem
1054 2743 1231 2805 nominatim
1249 2745 1363 2824 templa

335 2847 505 2921 declarant,
530 2845 583 2906 sed
607 2850 679 2904 tunc
702 2843 846 2923 temporis
871 2843 989 2904 bellum
1008 2845 1100 2904 sacris
1124 2845 1255 2923 quodam
1274 2844 1363 2904 modo

335 2942 498 3020 indictum,
514 2946 674 3003 temeratus
688 2941 781 3002 fuisse
797 2941 930 3002 Deorum
945 2941 1120 3020 religiones,
1136 2942 1261 3020 spoliata
1275 2960 1360 3021 quae·

334 3040 404 3102 dam
417 3057 492 3102 auro
506 3045 536 3100 et
554 3040 738 3101 ornamentis
757 3039 883 3100 delubra
901 3039 1065 3117 insinuant,
1089 3044 1119 3100 et
1134 3040 1281 3119 quasdam
1299 3044 1361 3100 sta-

334 3160 400 3216 tuas
419 3173 518 3215 sacras
538 3154 570 3214 in
587 3154 719 3233 profanis
736 3154 900 3216 admodum
920 3173 1004 3215 novoe
1022 3153 1107 3214 urbis
1131 3153 1203 3214 locis
1226 3153 1363 3214 omnium

333 3251 502 3332 spectaculo
517 3251 611 3310 fuisse
625 3250 766 3329 produnt.

371 3347 506 3408 Zosimus
521 3347 602 3408 enim
616 3346 746 3408 Castoris
756 3347 926 3426 etPollucis
942 3352 1057 3408 statuas
1068 3346 1102 3406 in
1115 3345 1187 3407 circi
1201 3347 1365 3426 porticibus

333 3445 461 3525 positas,
477 3451 506 3507 et
518 3445 576 3506 alia
589 3445 621 3506 in
635 3451 719 3525 parte
734 3445 804 3506 circi
819 3445 966 3524 Apollinis
981 3444 1118 3524 Delphici
1133 3444 1272 3524 tripoden
1287 3444 1320 3504 in
1333 3464 1365 3506 se

333 3543 534 3604 continentem
548 3543 643 3623 ipsius
659 3543 807 3624 Apollinis
827 3543 1026 3604 simulacrum
1039 3541 1084 3624 (4)
1097 3547 1127 3603 et
1145 3542 1226 3603 intra
1249 3543 1364 3605 curiam

336 3894 341 3907 ¹
362 3825 523 3946 lllffim'’
540 3828 593 3880 Vtt.
608 3829 708 3890 coast„
727 3839 766 3891 111,
782 3841 839 3892 cap.
854 3827 903 3890 δὴ
917 3829 956 3879 De
971 3827 1075 3880 laudib.
1093 3829 1193 3891 const,
1209 3829 1267 3881 vide
1279 3843 1334 3895 cap.
1349 3833 1365 3882 8

335 3909 360 3946 ιιι
373 3909 406 3960 eg
468 3927 475 3942 .

363 3977 400 4044 (t)
418 3977 524 4034 Enseu,
545 3975 599 4028 Vtt.
617 3979 719 4036 const,
734 3989 772 4042 ιιι,
789 3977 832 4041 55,
847 3979 890 4038 st,
905 3977 948 4028 56.
964 4001 996 4014 -·
1009 3977 1131 4042 socam„
1146 3991 1166 4039 ι,
1182 3979 1225 4030 tl.

366 4060 404 4129 (5)
419 4059 526 4120 Esses,
543 4063 595 4112 Vit.
613 4063 713 4122 coust,
726 4073 765 4125 ιιι,
781 4063 822 4116 55.
845 4081 856 4112 ι
872 4065 925 4114 Hoc
939 4076 1044 4127 prorsus
1059 4062 1229 4116 incredibile:
1245 4079 1293 4116 nec
1307 4077 1367 4130 reg-

333 4155 410 4199 nante
429 4146 573 4197 Tbeodosio
595 4149 684 4212 pagani
700 4149 854 4213 temptorum
874 4151 1020 4201 eversiones
1034 4155 1086 4200 mm
1105 4150 1223 4202 modeste
1242 4157 1269 4202 et
1289 4152 1368 4204 obse·

277 4287 282 4294 ,
332 4238 441 4300 quanter
451 4232 540 4283 tulisse
554 4233 680 4285 ridentur.
698 4252 709 4283 ι
725 4235 782 4287 vid.
797 4236 869 4300 Suu,
882 4247 908 4300 v,
926 4236 966 4287 to.
984 4234 1102 4301 (Senum,
1116 4247 1162 4300 vn,
1180 4235 1231 4302 ts.)

367 4313 404 4382 (a)
423 4315 526 4378 zosim,
541 4315 585 4369 lib.
602 4328 632 4369 ιι.
