3054 5046
205 685 313 750 Territi
336 687 470 769 primurn
490 687 595 748 edictis
617 685 883 767 principisAriani
906 681 1049 765 paulatim
1074 681 1190 746 animos

167 805 322 846 resumere
340 791 508 866 coeperunt,
524 785 707 864 occultisque
720 784 835 846 artibus
848 784 945 844 studia
967 784 1126 844 hominum
1139 802 1190 844 ao-

167 884 304 961 cendere,
320 904 337 944 a
350 885 504 944 nonnullis
514 885 591 944 clam
604 884 709 962 adjuti,
726 883 778 962 qui
792 883 830 942 ab
841 901 947 942 eorum
957 882 1093 959 factione,
1111 887 1193 942 metu

166 981 264 1060 potius
278 1000 371 1060 quarn
385 1001 422 1042 ex
443 982 554 1056 animo,
570 980 750 1040 defecerant.
776 980 855 1040 Tum
870 980 1081 1040 Constantinus
1106 984 1192 1040 ante-

167 1096 258 1156 quam
268 1097 306 1137 ex
319 1077 441 1139 Oriente
455 1078 639 1154 abscederet,
648 1077 740 1156 jussit
752 1082 787 1137 ut
795 1077 947 1137 Eusebius
956 1076 1194 1137 Nicomediensis

169 1180 197 1234 et
215 1175 364 1254 Theognis
387 1175 540 1252 Nicaenus,
564 1175 746 1235 Arianorum
761 1175 903 1252 fautores,
929 1175 1061 1235 ecclesiis
1085 1175 1197 1253 quibus

169 1278 318 1352 praeerant
331 1273 511 1353 ejicerentur
524 1278 554 1333 et
567 1272 735 1333 inexilium
748 1273 964 1351 relegarentur.
994 1271 1092 1332 Simul
1109 1271 1197 1331 Nico-

171 1370 339 1431 medienses
353 1370 551 1450 Nicaenosque
562 1370 656 1430 edicto
667 1368 817 1446 monebat,
834 1375 868 1430 ut
877 1369 1038 1429 sanctiores
1048 1368 1105 1429 sibi
1114 1368 1195 1448 epis·
1276 1399 1281 1408 ·

171 1485 259 1547 copos
269 1467 424 1545 eligerent,
440 1486 589 1545 nemoque
600 1466 835 1542 oblivisceretur,
857 1465 883 1524 si
902 1465 1081 1525 tumultuari
1101 1465 1196 1526 aude·
1238 1509 1246 1536 ,

172 1570 228 1641 ret,
252 1583 284 1624 se
308 1564 388 1643 pacis
409 1565 582 1642 debitaeque
603 1583 679 1642 erqo
702 1564 804 1625 Deum
824 1565 1010 1624 reverentiae
1026 1564 1196 1640 custodem,

173 1682 277 1742 poenas
291 1663 328 1724 ab
342 1684 377 1724 eo
391 1665 556 1743 petiturum
573 1662 627 1745 (l).

212 1763 228 1823 J
229 1782 278 1823 am
291 1763 398 1823 tertius
408 1783 506 1824 annus
517 1765 676 1824 effluxerat
687 1783 724 1824 ex
734 1781 793 1842 quo
803 1761 954 1823 Eusebius
963 1762 1201 1823 Nicomediensis

174 1863 203 1918 et
214 1859 363 1937 Theognis
376 1859 519 1924 Nicaenus
529 1859 700 1936 exulabant,
712 1877 794 1936 cum,
811 1859 954 1918 suadente
969 1859 1139 1920 Constantia
1152 1879 1201 1921 so-

96 1989 103 2004 *
174 1973 253 2033 rore,
266 1961 296 2016 et
308 1956 466 2035 instigante
488 1957 660 2037 presbytero
677 1957 730 2036 qui
739 1957 768 2018 ei
784 1957 915 2018 animam
929 1957 1027 2036 agenti
1037 1957 1069 2017 in
1079 1958 1202 2018 secretis

175 2054 287 2132 aderat,
304 2060 334 2114 et
343 2055 543 2116 innocentiam
557 2074 663 2116 eorum
677 2055 868 2134 pertinaciter
879 2055 1099 2134 objicientibus,
1112 2056 1203 2116 Cons-

175 2151 308 2211 tantinus
317 2171 378 2212 non
392 2152 481 2212 modo
495 2150 662 2213 Eusebium
675 2157 704 2213 et
717 2152 922 2231 Theognidem
935 2152 972 2212 ab
983 2151 1070 2212 exilio
1081 2171 1203 2213 revoca·

177 2248 228 2327 vit,
249 2269 356 2310 verum
373 2249 475 2327 etiarn,
491 2249 621 2327 dimotis,
642 2268 719 2328 quos
731 2249 764 2309 in
777 2269 884 2311 eorum
897 2249 962 2310 loca
975 2248 1159 2326 subdiderat,
1172 2250 1204 2310 in

179 2347 266 2408 sedes
279 2347 420 2425 pristinas
435 2347 574 2408 restituit.

218 2445 298 2505 Turn
317 2464 392 2506 nova
406 2445 558 2506 seditionis
573 2445 688 2506 semina
702 2444 840 2523 gliscere,
856 2452 923 2504 tum
938 2444 1057 2504 mobilis
1070 2445 1203 2526 impera·

179 2543 251 2603 toris
261 2543 380 2603 animus
390 2543 421 2602 in
432 2543 548 2604 diversa
561 2542 641 2603 flecti
654 2542 755 2620 coepit,
771 2547 837 2602 tum
848 2535 948 2602 surdae
962 2543 1055 2603 ineos
1075 2543 1203 2621 quibus-

180 2658 249 2700 cum
256 2640 365 2700 Nicaeae
374 2639 536 2719 imperator
546 2641 748 2716 consenserat,
760 2643 790 2699 et
797 2639 946 2718 praecipue
953 2639 985 2698 in
995 2639 1205 2717 Athanasium,

180 2738 233 2818 qui
247 2756 352 2798 recens
367 2738 538 2798 Alexandro
553 2740 749 2814 successerat,
764 2736 887 2815 allegari
906 2736 1138 2815 criminationes,
1154 2757 1205 2799 re·

180 2834 320 2912 ditusque
333 2834 398 2894 Arii
412 2834 581 2894 conciliari:
600 2853 616 2895 ((
631 2833 773 2895 doctrinae
783 2832 913 2893 Nioaanae
930 2833 1022 2893 Arius
1032 2835 1206 2918 consentiat,

181 2932 279 3012 inquit
291 2933 465 3012 imperator,
479 2938 573 3012 elego
586 2953 647 2994 non
665 2933 754 2993 modo
769 2952 841 2994 eum
852 2932 1087 3015 inconspectum
1101 2952 1206 2993 meum

180 3030 416 3110 venirepatiar,
447 3031 500 3093 sed
532 3031 622 3094 etiam
654 3031 819 3093 honorifice
852 3030 1068 3092 Alexandriam
1106 3031 1208 3092 dimit-

182 3127 343 3209 tam(2).)›

224 3225 321 3286 Simul
334 3225 487 3286 nonnullis
506 3225 612 3285 litteris
623 3224 809 3286 dubitantem
822 3227 920 3288 adhuc
935 3225 1075 3286 monebat
1088 3231 1132 3304 ut,
1148 3245 1207 3305 pu-

183 3322 261 3384 blico
272 3342 364 3383 cursu
374 3342 460 3400 usus,
472 3322 570 3383 redire
585 3327 767 3402 properaret.
785 3323 923 3402 Cumque
937 3323 1030 3384 Arius
1042 3328 1072 3384 et
1081 3323 1211 3384 Euzo'ius

185 3420 376 3481 Constantino
399 3420 603 3498 interroganti,
627 3438 728 3479 coram
755 3420 982 3498 responderent,
1009 3439 1041 3480 se
1070 3419 1210 3479 doctrinae

184 3516 315 3579 Nidaenae
327 3517 484 3592 assentiri;
502 3517 670 3597 scriptaque
689 3517 813 3595 insuper
827 3517 899 3577 fidei
909 3517 1051 3594 formula,
1068 3517 1208 3596 utimpe-

186 3624 267 3681 rator
279 3620 425 3696 voluerat,
440 3617 471 3678 id
488 3622 669 3678 testarentur
687 3616 743 3698 (3),
765 3621 965 3696 rogarentque
984 3617 1162 3696 principem,
1179 3620 1213 3677 ut

187 3716 311 3779 sublatis
323 3717 445 3778 tandem
458 3715 600 3776 omnibus
612 3714 747 3794 argutiiS,
764 3714 821 3774 sibi
835 3733 890 3795 per
913 3734 996 3792 eum,
1016 3715 1048 3775 in
1071 3715 1213 3775 ecclesias

187 3832 257 3876 suas
270 3814 439 3876 revertendi
457 3813 541 3894 copia
555 3812 658 3888 fieret3
672 3812 762 3892 jussit
775 3812 939 3892 imperator
952 3819 986 3873 ut
1000 3811 1212 3873 Alexandriam
1227 3882 1236 3898 Ι

187 3918 409 3974 reverterentur
428 3910 525 3989 iisque
553 3927 662 3970 rursus
690 3909 824 3970 ecclesiae
857 3914 1004 3989 paterent.
1033 3908 1214 3969 Athanasius

223 4149 258 4217 (l)
274 4152 401 4202 Genrsrus
414 4150 507 4216 Gyzie,
522 4160 561 4208 ιιι,
576 4147 602 4208 a,
617 4149 642 4198 5.
662 4175 693 4184 -
707 4135 819 4210 Turoo,
834 4159 853 4212 ι,
867 4147 910 4199 20.

223 4233 258 4301 (a)
277 4235 397 4298 Socnrr,
412 4237 483 4287 Hist.
500 4235 598 4293 eccles,
612 4245 631 4294 ι,
647 4232 689 4282 la.

222 4320 257 4386 (ὅ)
275 4321 302 4369 ln
316 4319 363 4370 hac
377 4321 535 4383 professione
550 4331 598 4369 vox
608 4317 853 4390 consubstantialis
866 4329 917 4367 nou
931 4317 1066 4368 invenitur.
