3054 5046
591 551 752 616 ..99-

190 691 230 754 ld
244 697 358 768 autem,
370 689 452 771 quod
467 689 672 751 demonstrare
683 687 816 768 aggressi
826 706 945 766 sumus,
957 707 1007 750 res
1016 689 1089 769 ipsae
1099 709 1185 771 aper·

145 789 272 850 tissime
286 795 315 850 et
328 788 529 868 liquidissime
543 788 739 868 proclamant.
750 786 838 848 Certe
848 786 1055 848 ecclesiasticae
1065 788 1183 850 civiles·

147 907 215 970 que
231 908 282 952 res
296 888 375 950 inter
385 907 417 947 se
432 887 598 948 arctissimo
608 886 726 948 vinculo
742 885 1006 965 connectebantur,
1017 885 1059 948 ita
1072 893 1106 948 ut
1115 907 1186 950 cum

142 988 216 1066 jam
232 988 269 1050 de
283 986 429 1048 Trinitate
443 991 594 1064 ageretur,
609 991 683 1046 tunc
696 989 813 1046 mentes
827 985 927 1046 statim
941 985 1076 1065 undique
1093 1005 1183 1048 exar-

148 1083 329 1161 descebant,
344 1081 523 1144 turbabatur
541 1081 715 1159 multitudo,
731 1081 942 1162 obstrepebant
968 1083 1138 1163 seditiones,
1157 1093 1187 1146 et

147 1200 280 1244 necesse
294 1187 358 1242 erat
370 1181 538 1262 principem
552 1181 750 1258 intercedere,
761 1200 800 1242 ne
815 1179 889 1260 quid
903 1181 1073 1243 detrimenti
1087 1203 1124 1244 ex
1139 1183 1187 1244 his

147 1279 328 1340 animorum
344 1277 475 1366 motibus
501 1277 682 1358 Respublica
703 1282 832 1357 caperet.
857 1278 897 1338 At
920 1278 1132 1342 Constantinus
1154 1280 1186 1341 in

147 1377 212 1438 hac
224 1376 338 1438 Ariana
350 1375 555 1452 contentione,
574 1381 604 1436 et
618 1375 650 1436 in
667 1393 702 1436 eo
717 1375 770 1455 qui
784 1374 964 1436 subsecutus
982 1381 1027 1436 est
1040 1369 1182 1440 civili'tu·

148 1472 269 1551 multu,
285 1492 346 1534 non
366 1477 485 1532 tantum
499 1491 534 1532 ea
548 1472 673 1549 curavit,
696 1471 807 1551 quibus
830 1471 958 1552 publice
979 1474 1186 1552 tranquillitati

149 1569 345 1646 consuleret,
361 1569 415 1630 sed
429 1569 495 1648 ipse
511 1587 542 1628 se
556 1569 609 1630 toti
623 1568 831 1630 controversiae
849 1568 886 1630 ab
904 1569 988 1630 initio
1002 1571 1183 1648 immiscuit;

149 1668 220 1749 ipse
236 1667 380 1728 rebusad
399 1667 566 1728 Ecclesiam
580 1667 690 1742 solam,
706 1665 850 1726 etiamad
865 1665 1039 1728 interiorem
1053 1668 1188 1731 christia·

149 1877 198 1925 τοῦ
212 1875 262 1926 τὼν
277 1870 344 1932 ἐκτὸς
358 1855 504 1926 ἐπισκόπου
516 1861 562 1943 (l)
576 1861 778 1922 ministerium
789 1861 960 1940 excedebat,
972 1863 1025 1924 sed
1034 1869 1068 1924 ut
1079 1863 1135 1925 Dei
1145 1865 1188 1927 fa·

152 1963 273 2040 mulus,
284 1967 319 2022 ut
332 1960 460 2022 vicarius
471 1959 593 2037 Christi,
605 1965 639 2019 ut
653 1959 863 2040 episcoporum
874 1979 986 2039 praeses
996 1967 1026 2022 et
1033 1962 1185 2042 dominus,

153 2065 190 2120 ut
200 2059 227 2120 is
240 2077 334 2139 penes
349 2077 441 2138 quem
452 2057 720 2119 ecclesiasticarum
735 2076 841 2119 rerum
860 2077 980 2120 summa
994 2066 1069 2139 erat,
1085 2067 1119 2122 ut
1130 2062 1184 2122 de-

153 2157 249 2238 nique
263 2175 333 2218 vere
347 2156 484 2218 Pontifex
494 2155 659 2232 Maximus,
671 2156 755 2216 nullo
765 2156 951 2235 adversante,
966 2157 1028 2220 imo
1043 2159 1186 2222 omnibus

155 2253 429 2330 consentientibus,
441 2253 571 2332 praetuit.

198 2351 274 2424 Quis
287 2351 381 2428 enim,
396 2369 464 2410 cum
481 2354 560 2410 totus
574 2347 683 2410 Oriens
697 2349 822 2412 diversis
832 2350 940 2412 studiis
954 2351 1184 2432 distraheretur,

157 2450 270 2530 aliique
284 2449 367 2525 Aria,
383 2448 433 2509 alii
446 2447 618 2509 Alexandro
634 2448 778 2525 faverent,
799 2467 866 2508 esse
880 2448 1013 2527 aliquem
1036 2449 1136 2512 virum
1156 2452 1188 2513 in

158 2545 332 2624 Occidente,
358 2545 390 2606 in
411 2545 533 2625 antiqua
555 2543 636 2605 orhis
662 2543 790 2614 Romani
823 2545 989 2624 eademque
1018 2548 1189 2625 gentilitatis

158 2663 227 2706 arce
244 2643 413 2724 suspicatus
436 2648 492 2721 est,
512 2643 619 2721 quiex
636 2641 717 2703 Petri
735 2642 859 2722 apostoli
876 2644 1061 2722 haereditate,
1078 2646 1188 2724 prima-

156 2747 224 2804 tum
236 2742 269 2802 in
290 2741 428 2806 universa
449 2739 682 2801 christianorum
703 2740 858 2820 republica
878 2741 1007 2804 tenebat.
1033 2743 1092 2804 Per
1116 2745 1184 2806 Ion·

159 2858 229 2920 gam
250 2858 400 2900 annorum
423 2839 544 2916 seriem,
566 2857 638 2918 qua,
659 2839 827 2918 imperante
848 2839 1051 2918 Constantino,
1076 2843 1188 2906 Ariana

88 2997 90 3000 ,
159 2938 360 3000 controversia
374 2937 501 3014 duravit,
517 2937 602 2998 nulla
611 2938 674 2998 fere
684 2937 813 2998 Romani
827 2937 975 3018 pontilicis
985 2941 1096 3001 mentio
1109 2942 1189 3022 apud

160 3035 374 3100 ecclesiasticos
388 3034 548 3115 scriptores
562 3035 726 3115 reperitur,
742 3041 772 3096 et
786 3055 821 3098 ea
833 3041 1021 3116 tempestate,
1037 3057 1098 3117 qua
1114 3058 1186 3100 con·

160 3132 265 3192 cilium
278 3133 436 3193 Nicaenum
450 3122 622 3210 cogebatur,
639 3132 675 3192 de
685 3132 812 3211 hujusce
826 3124 974 3212 pontilicis
989 3136 1110 3198 nomine
1126 3156 1189 3199 non

161 3249 266 3291 omnes
276 3230 476 3307 consentiunt,
487 3248 559 3290 cum
569 3227 755 3309 Sylvestrum
765 3231 913 3311 plerique,
926 3231 1061 3295 Socrates
1073 3235 1089 3296 J
1091 3235 1188 3296 ulium

161 3346 235 3390 eum
244 3328 379 3390 nominet
392 3327 447 3410 (2).

201 3428 241 3488 At
256 3445 345 3488 verus
359 3433 389 3490 et
404 3425 590 3488 indubitatus
603 3425 629 3484 is
650 3431 696 3485 est
708 3425 845 3488 Pontifex
861 3427 1023 3506 Maximus,
1040 3449 1101 3492 non
1124 3433 1188 3496 dico

158 3525 242 3603 jure,
256 3529 286 3586 at
300 3529 380 3586 certe
399 3524 508 3604 reipsa,
526 3522 580 3602 qui
592 3522 641 3584 vir
658 3527 760 3584 exorta
772 3523 852 3584 inter
869 3525 994 3586 elericos
1011 3529 1187 3607 quaestione,

162 3627 192 3682 et
203 3621 331 3682 turbatis
341 3621 453 3700 passim
463 3621 502 3682 ob
516 3620 547 3681 id
556 3619 676 3696 animia,
693 3618 765 3680 Ario
780 3625 810 3679 et
819 3619 989 3683 Alexandro
1001 3643 1036 3686 ea
1048 3645 1116 3705 quae
1131 3646 1199 3688 sur

163 3739 217 3800 pra
229 3721 464 3782 memoravimus
480 3719 593 3796 scribit,
605 3725 635 3780 et
646 3718 679 3779 in
689 3737 779 3780 causa
788 3719 909 3780 omnino
923 3722 1132 3803 ecclesiastica,
1144 3745 1190 3790 rc·

162 3835 232 3876 rum
250 3823 280 3878 et
295 3817 455 3878 hominum
472 3817 537 3878 sine
554 3816 617 3876 ulla
627 3815 809 3876 dubitatione
815 3816 965 3895 judicium
978 3822 1121 3902 suscipit,
1136 3823 1188 3903 qui

163 3921 322 3996 postquam
339 3920 368 3976 et
380 3913 601 3976 adhortationes
617 3917 647 3972 et
667 3913 807 3974 mandata
821 3913 895 3974 nihil
910 3917 1075 3995 profecere,
1099 3939 1185 3998 mag·

163 4032 238 4076 num
261 4014 470 4096 episcoporum
490 4031 655 4074 numerum
675 4013 808 4076 Nicaeam
828 4014 986 4079 convenire
1003 4016 1104 4096 jubet,
1128 4036 1187 4098 quo

197 4237 235 4304 (l)
250 4239 354 4301 Enseu,
374 4241 427 4292 Vct.
445 4239 545 4296 const..
560 4246 596 4298 rr,
612 4235 655 4287 24.

196 4322 231 4388 (t)
248 4322 372 4386 sooner„
386 4323 459 4376 Eiet.
471 4323 570 4381 ocche„
581 4331 600 4384 1,
616 4320 657 4374 10.
