3054 5046
598 562 758 624 ,πμ

162 714 289 757 munera
302 697 402 759 idonei
415 697 485 775 sint,
500 717 517 758 a
530 699 708 759 clericorum
723 703 846 778 corpore
861 699 1011 778 segregari
1035 705 1065 759 et
1087 699 1189 760 civita-

162 794 241 853 tibus
257 795 354 855 reddi.
378 795 453 867 Quis
470 815 541 856 vero
564 796 676 873 elerici,
698 797 728 855 id
748 802 793 856 est
815 815 970 856 sacrorum
983 797 1151 858 administri
1164 803 1194 857 et

162 897 373 970 transactereS,
390 913 428 953 ex
439 893 633 974 quibuseligi
643 894 776 954 etcreari
789 893 927 970 debeant,
945 895 1104 974 praecipit?
1119 895 1193 966 Quis

162 991 286 1050 eosdem
300 991 452 1052 interdum
466 1011 503 1052 ex
518 991 625 1051 divinis
639 991 790 1070 obsequiis
805 991 907 1068 eximi,
924 997 979 1052 eta
996 992 1088 1052 sacris
1107 1011 1191 1053 amo-

161 1087 224 1147 veri
240 1092 270 1148 et
283 1088 450 1150 civitatibus
462 1089 591 1165 restitui,
603 1087 634 1147 id
648 1088 739 1148 estin
752 1089 901 1167 priuatum
915 1090 1051 1150 ordinem
1067 1089 1131 1169 cogi
1142 1092 1195 1169 ju-

161 1184 231 1245 bet‘?
241 1186 272 1245 Is
286 1191 332 1246 est
344 1187 521 1266 Imperator,
537 1185 679 1266 idemque
689 1186 826 1247 Pontifex
839 1186 1000 1266 Maximus
1010 1187 1194 1267 Reipublicae

163 1281 276 1360 pariter
290 1287 319 1342 et
328 1284 417 1343 totius
431 1283 584 1361 religionis
599 1301 739 1344 summus
752 1283 885 1344 antistes.

203 1379 291 1440 Idem
300 1385 330 1439 et
339 1381 487 1440 Pontificii
494 1381 573 1459 juris
587 1400 714 1458 memor,
727 1381 780 1460 qui
794 1382 869 1442 duas
879 1383 1070 1444 eodemanno
1082 1381 1153 1458 326,
1168 1386 1197 1443 et

164 1477 213 1537 vix
222 1478 315 1537 unius
325 1477 438 1538 mensis
445 1479 599 1539 intervallo
611 1478 730 1556 divisas,
742 1479 824 1558 leges
836 1479 872 1538 de
887 1479 979 1540 rebus
991 1478 1197 1539 ecclesiasticis

166 1577 283 1637 edebat.
306 1577 395 1637 Nunc
413 1577 494 1637 enlm
508 1577 739 1638 christianorum
756 1577 978 1638 contentionum
994 1577 1153 1656 impatiens
1168 1583 1198 1637 et

167 1673 245 1734 inter
265 1680 360 1736 sectas
374 1675 456 1735 velut
469 1675 587 1754 optione
602 1675 677 1736 facta
695 1694 700 1733 :
726 1696 741 1734 c(
765 1675 932 1736 haereticos¹
944 1681 973 1735 et
996 1674 1199 1735 schismaticos

168 1770 204 1831 ab
219 1772 303 1832 omni
316 1771 477 1832 curialium
498 1791 664 1832 munerum
686 1772 876 1833 immunitate
900 1773 1012 1834 alienos
1035 1772 1199 1851 tierijube-

168 1869 218 1930 bat
232 1867 277 1951 (l)
293 1889 309 1929 >i
325 1888 417 1947 nunc,
433 1870 557 1950 aequiori
573 1875 674 1931 mente
682 1876 826 1948 statuane,
848 1890 864 1930 <c
879 1871 1057 1932 Novatianes
1067 1871 1200 1932 ecclesiae

171 1987 231 2028 suae
246 1969 352 2028 domos
363 1973 392 2028 et
404 1969 469 2029 loca
483 1969 630 2048 sepulcris
640 1976 707 2049 apta
722 1969 786 2030 sine
799 1969 1007 2050 inquietudine
1022 1975 1051 2030 et
1073 1969 1202 2030 firmiter

172 2067 326 2146 possidere
342 2087 357 2126 a
372 2066 564 2146 praecipiebat
577 2066 632 2149 (2).

210 2167 297 2226 Idem
321 2165 411 2225 etiam
435 2184 472 2224 ex
482 2165 552 2244 jure
572 2165 694 2244 antiquo
708 2165 861 2226 Pontificis
875 2166 1009 2245 Maximi,
1026 2174 1060 2228 ut
1068 2168 1197 2244 videtur,

172 2264 288 2342 agebat,
305 2283 375 2323 cum
390 2282 470 2323 nunc
490 2263 556 2342 lege
581 2262 769 2324 severissima
788 2265 921 2342 juberet,
936 2285 974 2326 ne
995 2266 1063 2345 quis
1077 2265 1201 2327 iudaeus

173 2379 244 2420 eum
259 2360 312 2440 qui
325 2360 501 2421 Iudaeorum
515 2361 614 2439 legem
628 2361 776 2439 ejurasset
788 2366 818 2420 et
831 2360 868 2422 ad
883 2362 939 2423 Dei
958 2363 1073 2422 cultum
1094 2382 1200 2444 respe-

173 2457 277 2535 xisset,
292 2457 371 2518 saxis
391 2463 443 2518 aut
456 2457 561 2537 quovis
575 2457 632 2518 alio
648 2458 759 2518 furoris
775 2477 885 2537 genere
904 2465 1048 2521 attentare
1062 2459 1199 2538 auderet,

174 2577 266 2634 nunc,
282 2556 392 2616 oblitus
406 2557 536 2616 nimium
551 2575 724 2618 concessam
748 2558 820 2618 olim
844 2558 1008 2638 unicuique
1033 2577 1124 2639 quam
1148 2579 1201 2620 vo-

173 2655 280 2715 luisset
293 2661 404 2716 sectam
418 2654 564 2733 sequendi
576 2654 758 2733 libertatem,
781 2661 894 2717 vetaret
910 2676 926 2716 «
950 2676 988 2716 ne
1006 2657 1073 2735 quis
1093 2676 1132 2716 ex
1149 2676 1201 2736 po-

174 2755 246 2834 pule
260 2754 298 2814 ad
312 2752 458 2814 nefariam
471 2752 647 2813 Iudaeorum
661 2758 772 2814 sectam
787 2753 940 2815 accederet
954 2761 985 2814 et
999 2773 1107 2814 eorum
1130 2772 1202 2814 con-

177 2851 324 2912 ciliabulis
334 2869 399 2912 sese
409 2849 571 2930 applicaret
583 2847 638 2930 (3).
656 2870 670 2908 >)

211 3085 246 3152 (t)
266 3103 277 3132 u
298 3083 507 3150 privilegiaquae
515 3083 729 3147 contemplatione
743 3082 874 3147 reilgionts
889 3082 986 3134 indulta
998 3088 1067 3145 sunt,
1077 3082 1207 3135 eatboltoae

180 3176 277 3220 mutum
290 3169 356 3234 legis
366 3168 574 3220 observatoribus
585 3169 708 3232 prodesse
719 3173 831 3231 oportet.
846 3167 984 3226 llaeretieos
996 3174 1080 3219 autem
1092 3173 1119 3219 et
1128 3168 1208 3220 soliis·

180 3253 287 3304 maticos
300 3265 351 3303 non
365 3258 463 3302 tantum
477 3253 509 3302 ab
530 3252 571 3302 bis
591 3251 732 3316 privilegiis
754 3252 850 3302 alienes
860 3263 918 3302 esse
932 3252 1058 3314 volumus,
1071 3252 1117 3303 sed
1130 3251 1208 3303 etiam

180 3338 286 3388 diversis
297 3335 595 3401 muneribusconstringi
608 3341 635 3388 et
646 3335 747 3398 suinci.
764 3353 776 3380 u
792 3334 849 3400 (ΡΡ.
865 3335 922 3392 kat,
932 3336 1049 3397 septemb
1064 3333 1144 3400 (5³26.)

214 3421 250 3487 (a)
270 3421 444 3472 «Nouatianos
452 3434 502 3471 non
512 3420 683 3485 comperimus
695 3419 888 3483 praedamnatos,
900 3419 977 3480 utils,
989 3432 1046 3484 quae
1055 3421 1208 3483 petiverunt,

182 3510 345 3560 crederemus
358 3508 462 3558 minime
480 3506 619 3572 largienda.
641 3506 730 3570 ltaque
751 3505 866 3555 ecclesiae
880 3505 1036 3556 suademus
1051 3512 1077 3555 et
1090 3505 1145 3556 loca
1165 3518 1211 3556 se-

183 3595 277 3658 pulcris
295 3599 353 3658 apta
375 3595 430 3644 sine
450 3591 627 3656 inquietudine
647 3601 693 3641 eos
713 3592 820 3640 firmiter
840 3590 972 3654 possidere
985 3591 1163 3654 precipimus:
1180 3604 1210 3641 en

183 3679 290 3740 scilieet,
305 3691 361 3742 qirae
375 3691 408 3728 ex
421 3677 541 3728 diuturno
557 3681 671 3739 tempore
682 3674 720 3724 vet
736 3687 767 3724 ex
782 3681 867 3738 empto
883 3673 1033 3736 habuerunt,
1047 3674 1086 3724 vel
1098 3674 1213 3739 qualibet

184 3764 353 3828 quaesiverunt
367 3762 475 3813 ratione.
492 3758 678 3810 providendum
693 3758 751 3819 erit,
766 3757 872 3821 nequid
886 3757 935 3808 sibi
950 3770 1074 3821 usurpare
1087 3765 1212 3807 conentur

185 3862 215 3900 ex
229 3849 280 3909 uis,
295 3859 351 3912 (prae¹
361 3854 420 3898 ante
431 3846 574 3905 dissidium,
584 3843 615 3894 ad
630 3842 753 3894 ecelesias
767 3849 895 3906 perpetua
906 3842 1046 3893 sanctitatis
1060 3843 1213 3905 pertinuisse
1238 3839 1243 3846 '

186 3934 347 3985 manifestum
360 3937 410 3984 est.
425 3951 438 3979 a
459 3931 524 3996 (Dat.
539 3929 589 3979 kal.
611 3929 697 3979 octob.
721 3926 801 3994 (526).
825 3929 898 3992 (cod.
921 3928 1039 3986 Ttades„
1060 3937 1114 3986 xvi,
1130 3928 1168 3977 tit.
1185 3927 1210 3986 5,

185 4018 236 4082 leg.
254 4019 278 4080 t,
294 4013 330 4081 2.)

220 4099 254 4166 (5)
275 4099 390 4150 ιΙιιᾱεείε
400 4104 426 4149 et
440 4095 580 4160 maioribus
595 4108 682 4146 eorum
693 4095 878 4159 etpatrIarclris
892 4092 1131 4154 rotumusindiearI,
1144 4091 1212 4156 quod

188 4188 210 4238 si
225 4191 282 4250 post
294 4185 360 4235 banc
374 4184 467 4248 legem,
482 4183 593 4245 aliquem
614 4181 658 4245 qui
682 4193 770 4231 eorum
794 4179 899 4232 feralem
918 4177 1012 4242 fugerit
1026 4181 1122 4226 sectam
1140 4183 1167 4226 et
1181 4176 1213 4226 ad

187 4270 336 4321 Deieultnm
350 4267 502 4332 respexerit.
517 4265 586 4317 saxis
609 4272 654 4316 aut
671 4265 722 4315 atio
745 4265 839 4315 furoris
860 4274 955 4328 genere
977 4259 1055 4326 (qued
1070 4273 1137 4311 nunc
1157 4259 1213 4311 fieri

186 4352 372 4422 cognoscimus)
384 4365 463 4405 ausus
481 4351 559 4403 tuerit
578 4355 740 4414 attemptare,
759 4362 818 4400 mor
840 4347 948 4398 flammis
968 4344 1100 4396 dedendus
1114 4352 1212 4397 etcum
