3054 5046
604 573 765 635 --ce-
860 599 862 606 ι

169 707 284 785 specie,
299 726 396 786 quum
410 706 442 768 in
455 707 582 785 hujusce
596 707 727 786 epistolae
743 707 822 784 tine,
836 706 900 785 ipse
914 705 1011 783 ultro,
1026 707 1069 783 ei,
1086 707 1112 766 si
1124 725 1196 768 con-

168 805 259 882 gredi
272 806 362 866 vellet
370 852 379 882 ,
395 806 443 865 sui
457 806 628 866 facultatem
643 799 783 867 dedisset&

210 901 253 962 nt
267 921 338 962 cum
351 922 408 963 nec
420 903 586 981 colloquia,
602 923 658 982 nec
670 905 776 965 litterae
791 903 828 963 ad
843 903 1065 981 componendos
1085 903 1200 965 animos

168 1000 322 1078 valerent,
339 1001 443 1062 multis
457 1002 582 1080 insuper
596 1002 633 1061 de
648 1002 771 1062 Paschae
784 1000 982 1062 celebratione
997 1001 1198 1063 dissentienti-

158 1098 244 1176 ‘buS,
258 1099 469 1160 Constantinus
483 1101 622 1178 generale
637 1100 804 1161 Concilium
813 1101 994 1178 convocavit,
1007 1106 1036 1161 et
1048 1101 1202 1180 episcopos
1229 1169 1230 1173 ς

170 1215 228 1275 per
243 1197 375 1257 edictum
389 1198 524 1277 undique
539 1199 723 1276 divulgatum
736 1196 781 1281 (l)
795 1202 825 1257 et
840 1216 895 1276 per
908 1197 1022 1259 litteras
1037 1198 1201 1259 honorifice

170 1294 301 1374 scriptas
318 1293 380 1376 (2),
401 1300 435 1356 ut
452 1295 602 1372 Nicaeam,
628 1295 759 1356 adhibito
783 1313 875 1355 cursu
898 1295 1033 1374 publico,
1058 1315 1200 1378 propera-

171 1396 255 1468 rent,
271 1390 436 1452 admonuit.

214 1490 300 1550 Nihil
314 1494 360 1550 est
378 1490 414 1551 de
436 1509 495 1569 quo
516 1491 617 1551 minus
639 1491 717 1551 inter
737 1490 870 1551 eruditos
887 1490 1041 1552 conveniat
1054 1511 1146 1570 quam
1166 1494 1203 1553 de

172 1589 300 1650 concilio
313 1588 446 1649 Nicaeno.
463 1588 507 1648 De
523 1595 670 1668 tempore,
686 1608 775 1666 anno,
790 1607 905 1665 mense,
922 1589 987 1649 loco
1001 1590 1078 1668 ejus,
1095 1589 1131 1649 de
1147 1609 1203 1659 nu-

171 1706 261 1748 mero
280 1687 467 1764 sedentium,
491 1688 528 1748 de
551 1688 693 1767 praeside,
711 1687 748 1747 de
767 1686 884 1764 legibus
899 1685 986 1747 abeo
1001 1687 1111 1766 rogatis
1125 1688 1204 1748 inter
1310 1759 1312 1764 ,

171 1789 292 1845 veteres
306 1784 465 1862 scriptores
479 1784 651 1862 ambigitur.
667 1783 702 1844 ld
716 1789 817 1844 autem
836 1782 961 1844 minime
976 1784 1103 1844 dubium
1116 1785 1200 1846 vide·

171 1887 226 1941 tur
239 1880 277 1940 ab
297 1899 359 1940 uno
376 1880 557 1961 imperatore
571 1881 731 1940 concilium
748 1880 824 1941 illud
836 1879 969 1940 Nicaeam
983 1880 1075 1941 fuisse
1092 1900 1201 1943 convo-

175 1983 291 2055 catum,
303 1995 418 2056 proque
426 1995 496 2040 vero
505 1977 584 2038 inter
594 1979 754 2057 plerosque
764 1982 919 2056 receptum
930 1983 976 2038 est
988 1978 1067 2038 circa
1080 1978 1096 2038 J
1097 1978 1204 2039 unium

173 2094 315 2136 mensem
325 2074 395 2136 anni
410 2074 469 2134 325
483 2075 515 2135 in
529 2075 611 2154 regio
625 2076 710 2137 urhis
725 2076 832 2155 palatio
849 2075 973 2136 sedisse.

215 2173 387 2253 Antequam
407 2173 618 2234 Constantinus
637 2174 798 2235 concilium
810 2175 1028 2254 auspicaretur,
1044 2173 1131 2234 multi
1146 2173 1203 2234 cri-

176 2270 393 2331 minationibus
414 2271 528 2331 mutuis
549 2272 628 2351 apud
647 2291 718 2332 eum
736 2273 814 2333 inter
827 2291 859 2334 se
874 2274 1021 2334 lacessere
1035 2276 1202 2353 coeperunt,

178 2370 230 2431 alii
251 2388 366 2446 coram,
386 2369 436 2429 alii
455 2369 560 2454 oblatis
580 2369 708 2443 libellis;
727 2389 832 2430 omnes
852 2369 1041 2449 imperatoris
1057 2368 1206 2447 judicium

177 2467 301 2547 precati.
314 2468 344 2526 Is
358 2467 395 2527 de
408 2467 518 2527 talibus
529 2467 727 2546 cognitionem
738 2467 871 2546 recipere
885 2467 994 2544 noluit,
1006 2467 1206 2545 omnibusque

176 2566 215 2626 ad
225 2566 389 2626 fraternam
399 2565 589 2625 concordiam
598 2564 738 2642 invitatis
746 2564 864 2625 libellos
872 2564 1003 2625 flammis
1012 2565 1139 2643 subjecit
1148 2562 1203 2645 (3).

178 2662 331 2723 Eusebius
344 2662 456 2741 pariter
469 2662 574 2739 tradit,
589 2681 763 2740 quanquam
777 2661 875 2720 omnis
884 2662 1003 2738 aderat,
1019 2661 1094 2722 nihil
1104 2665 1206 2722 tamen
1320 2663 1322 2668 '

178 2758 387 2840 episcoporum
403 2763 597 2836 conventum,
613 2763 681 2818 ante
700 2757 889 2838 imperatoris
909 2758 1070 2818 adventum
1088 2757 1207 2819 inchoa-

179 2858 257 2918 visse
271 2855 326 2936 (t).
342 2857 494 2916 Praesente
507 2861 608 2916 tamen
622 2855 706 2933 Ario,
722 2856 753 2915 in
766 2875 883 2917 rnorem
893 2855 1073 2936 prolusionis
1087 2875 1158 2915 cum
1172 2874 1207 2915 eo

181 2952 436 3033 digladiabantur,
451 2953 484 3013 in
501 2971 596 3032 eaque
618 2972 686 3033 quae
704 2958 789 3014 erant
803 2954 840 3014 ab
858 2973 893 3014 eo
910 2953 1059 3040 proposita
1075 2953 1208 3033 inquire-

178 3050 252 3110 ba'nt
260 3097 269 3127 ,
286 3051 390 3110 sedulo
400 3055 537 3111 caventes
550 3071 588 3112 ne
605 3051 636 3111 in
651 3052 827 3113 alterutram
840 3057 956 3132 partem
963 3055 1077 3112 temere
1090 3056 1209 3113 senten-

179 3148 253 3208 tiam
266 3148 495 3227 pronuntiarent
508 3146 564 3230 (5).
653 3204 654 3208 ,
711 3197 714 3214 .

205 3243 300 3322 ¹State
314 3244 373 3322 die,
390 3244 537 3305 stantibus
550 3245 709 3323 universis,
727 3247 938 3308 Constantinus
951 3247 1114 3327 imperator
1127 3244 1208 3324 regio

181 3351 264 3410 cultu
288 3355 411 3412 ornatus
432 3350 478 3432 (6)
499 3371 675 3414 concessum
697 3353 853 3432 ingressus
868 3359 924 3430 est,
947 3357 977 3413 et
997 3353 1035 3413 ad
1052 3365 1208 3412 summum

217 3653 251 3720 (l)
270 3633 363 3720 borotra
375 3649 507 3718 πανταχοῦ
520 3643 549 3701 τὸ
563 3645 740 3720 παγάγμελμα.
757 3651 872 3720 (Ruspe,
894 3658 946 3709 yn,
963 3658 1063 3712 comt„
1076 3665 1114 3714 tn,
1129 3651 1166 3712 6,)

215 3750 250 3816 (2)
268 3745 401 3818 Γμάμμασι
413 3749 563 3818 τιμητικοῖς.
581 3751 696 3818 (Enseu,
716 3755 769 3806 Vu.
793 3755 895 3811 comt..
910 3767 948 3818 ιιι,
964 3753 1001 3820 6.)

216 3833 252 3902 (5)
268 3836 413 3893 Sozousa„
427 3838 500 3887 Hist.
516 3837 615 3895 eccles,
629 3848 647 3898 ι,
664 3836 705 3887 ιθ.
789 3895 791 3898 ,

220 3919 255 3984 (ι)
274 3919 379 3978 Eume..
399 3921 452 3973 ιιι.
470 3921 626 3980 const.,1n‚
643 3921 684 3970 to.
1135 3975 1140 3979 ,

216 3998 252 4067 (ι)
270 4003 378 4061 Soron,
394 4004 466 4054 Htst.
487 4004 585 4061 eccas..
598 4013 617 4063 1,
634 4002 674 4053 18.
687 4003 719 4040 -’
734 4004 858 4066 socium,
875 4005 945 4055 Hist.
959 4004 1057 4059 eccles,

217 4102 251 4167 (6)
269 4095 394 4169 Λαμπμὰν
418 4095 462 4169 μὲν
484 4095 567 4168 ὥσπερ
589 4095 683 4167 φωτὸς·
690 4101 865 4170 μαρμαρυγαῖς
888 4095 1064 4170 ἐξαστράπτων
1082 4091 1211 4168 aspidalis

182 4192 335 4270 ἀλονμγῖδος,
352 4201 478 4269 πυρωτοῖς
495 4193 712 4268 καταλαμπόμενος
723 4199 818 4259 ἀκτῖσι,
835 4199 932 4269 χρυσοῦ
945 4214 972 4247 τε
990 4196 1031 4247 καὶ
1047 4192 1120 4247 λίθων
1133 4190 1211 4246 πολυ-

182 4291 255 4348 τεἹιων
268 4291 381 4367 διαυγέσι
394 4294 496 4368 φέγγεσι
508 4293 682 4369 κοσμούμενος.
699 4301 815 4369 (Enseu,
836 4304 888 4355 Vtt.
907 4304 1007 4360 donst„
1022 4310 1060 4362 ιιι,
1078 4298 1129 4368 10.)
