3054 5046
599 549 760 610 -ης,

168 684 286 764 publice
300 684 413 745 coleret
421 703 430 759 ς
441 703 523 745 nunc
533 684 718 764 prohibitum
732 685 854 746 omnino
868 685 994 765 quodvis
1007 685 1194 748 sacrificandi

165 803 280 861 genus,
300 803 383 845 nunc
404 784 493 845 vetita
511 789 629 845 tantum
652 784 768 845 occulta
790 784 937 845 sacrificia
956 790 986 844 et
1011 784 1195 846 detestabilia

165 881 310 942 idolatriae
330 881 461 956 scelera;
483 900 564 942 nunc
584 900 757 944 concessam
781 882 944 962 unicuique
968 901 1044 962 quos
1067 882 1196 942 voluerit

166 979 242 1039 ritus
252 978 412 1039 exercendi
426 982 601 1058 potestatem
614 976 671 1064 (1),
686 978 750 1040 Nec
760 979 846 1040 facile
859 985 905 1039 est
918 979 1065 1040 contraria
1074 979 1153 1040 inter
1162 999 1194 1040 se

164 1076 335 1137 testimonia
344 1081 374 1136 et
382 1076 456 1137 adeo
467 1076 629 1156 pugnantia
636 1095 826 1156 componere.
837 1076 928 1137 Aliud
938 1082 983 1136 est
992 1077 1073 1137 enim
1080 1078 1195 1137 occulta

166 1173 313 1234 sacrificia
322 1179 352 1234 et
366 1173 475 1234 atrocia
492 1175 536 1250 (τὰ
549 1182 650 1254 μυσαρά
656 1186 700 1243 τῆς
709 1175 920 1255 εἰδωλολατρίας)
931 1174 1102 1252 prohibere,
1113 1173 1195 1235 aliud

165 1270 265 1330 amuis
277 1269 396 1348 generis
410 1269 568 1346 sacrificia,
582 1269 643 1330 sive
659 1270 772 1350 privata
785 1270 845 1330 sive
858 1270 978 1350 publica
987 1269 1058 1346 sint,
1072 1275 1101 1330 et
1114 1270 1193 1331 anti·

165 1369 269 1448 quitus
292 1373 452 1449 usurpatos
468 1369 545 1428 ritus
567 1374 597 1429 et
613 1369 740 1447 auguria
757 1368 876 1449 publice
897 1374 926 1429 et
942 1367 1035 1428 veteri
1053 1387 1090 1428 ex
1111 1387 1196 1429 more

166 1470 267 1544 capta,
289 1469 319 1525 et
340 1484 445 1526 omnes
466 1470 633 1526 statuarum
648 1465 847 1526 dedicationes
864 1464 1042 1524 interdicere
1061 1483 1068 1523 ι
1088 1466 1197 1525 multo-

167 1582 225 1642 que
236 1563 333 1642 magis
347 1563 501 1624 diversum
510 1570 556 1624 est
565 1565 713 1643 aequalem
727 1563 868 1624 omnibus
881 1565 946 1622 sive
956 1565 1012 1640 pte
1027 1563 1065 1623 de
1080 1564 1196 1622 divini-

166 1668 229 1722 tate
248 1663 405 1736 sentiant,
425 1664 489 1722 siae
509 1663 547 1722 de
570 1681 608 1722 ea
627 1681 662 1722 re
683 1667 789 1723 errent
806 1665 842 1741 (ot
862 1659 1028 1742 πλανώρινσι)
1046 1679 1151 1740 pacem
1168 1666 1197 1721 et

166 1758 415 1837 tranquillitatem
425 1759 588 1819 concedere
604 1757 659 1840 (2).

205 1855 357 1936 Equidem
374 1856 505 1917 arbitror
518 1876 574 1916 nec
589 1861 702 1917 tantam
716 1856 778 1917 vim
796 1855 1025 1917 Constantinum
1038 1854 1195 1932 habuisse,

167 1960 199 2014 ut
218 1956 378 2036 antiquum
395 1975 499 2017 rerum
516 1956 706 2036 publicarum
728 1957 865 2018 ordinem
885 1957 1078 2034 immutaret,
1098 1976 1196 2035 neque

167 2053 256 2114 etiam
265 2055 344 2116 hanc
357 2055 388 2115 in
401 2055 566 2135 Republica
576 2055 831 2134 perturbationem
847 2062 961 2118 tentare
975 2055 1125 2133 voluisse,
1142 2056 1195 2136 qui

168 2152 278 2232 optime
288 2153 377 2214 sciret
386 2172 446 2213 non
456 2153 497 2214 ita
507 2153 654 2214 flexibiles
665 2159 694 2214 et
701 2173 804 2214 cereos
814 2154 972 2214 hominum
987 2173 1054 2215 esse
1068 2154 1195 2232 animos,

169 2256 202 2310 ut
216 2251 254 2312 ad
273 2257 384 2312 nutum
404 2251 563 2331 principiS,
584 2252 706 2331 antiqua
726 2253 876 2331 majorum
893 2253 1027 2314 instituta
1042 2253 1196 2329 deserant,

170 2349 221 2427 qui
235 2349 325 2410 etiam
342 2350 432 2410 sciret
444 2349 534 2427 nibil,
553 2355 586 2409 ut
601 2351 666 2430 ipse
684 2351 855 2412 Lactantius
871 2351 1013 2412 docuerat
1026 2350 1086 2433 (3),
1103 2352 1198 2430 magis

168 2465 235 2507 esse
252 2447 455 2508 voluntarium
475 2448 568 2527 qua'm
589 2449 875 2527 religionem‚,nibil
897 2449 993 2528 magis
1015 2449 1198 2510 intractabile

168 2565 259 2623 quam
276 2546 435 2606 bominum
451 2564 564 2623 moreS,
576 2565 652 2625 quos
669 2548 756 2625 longa
770 2553 841 2607 aetas
855 2547 1033 2608 informavit.
1053 2547 1116 2606 Nec
1131 2546 1197 2607 sieri

168 2646 298 2718 poterat,
316 2647 349 2701 ut
365 2642 457 2702 talem
473 2642 644 2704 violentiam
661 2644 796 2723 perpessi
811 2644 965 2704 libertatis
980 2649 1151 2718 auctorem,
1169 2648 1199 2703 et

166 2739 305 2814 publicae
318 2741 432 2818 quietis
446 2741 654 2819 fundatorem
665 2746 694 2802 et
701 2743 888 2818 piissimam
899 2760 970 2802 eum
985 2740 1197 2820 appellassent,

170 2834 223 2912 qui
238 2835 315 2895 ritus
330 2855 401 2896 suos
416 2837 598 2915 sustulisset,
615 2857 670 2898 sua
683 2840 795 2918 templa
809 2838 975 2915 clausisset,
992 2856 1062 2897 suos
1077 2836 1155 2896 Deos
1168 2837 1200 2898 in

170 2933 294 2993 exilium
315 2934 441 3012 egisset,
468 2933 586 3014 sibique
606 2935 680 3015 ipsis
698 2955 764 3012 eas,
787 2955 855 3014 quae
876 2935 907 2995 in
928 2935 1038 2995 artimis
1054 2934 1198 2995 altissime

168 3030 317 3119 insident,
332 3033 459 3111 injurias
472 3033 641 3094 inflixisset.

201 3242 235 3307 (Ι)
255 3235 302 3291 Δύο
320 3236 385 3288 κατὰ
401 3235 430 3288 τὸ
447 3236 510 3290 αὐτὸ
528 3235 665 3310 ἐπέμποντο
682 3235 764 3311 νόμοι·
786 3235 798 3290 ὁ
818 3237 861 3312 μὲν
879 3233 968 3312 εἴργων
987 3238 1019 3289 τὰ
1037 3237 1138 3311 μυσαρὰ
1155 3242 1200 3299 τῆς

170 3337 233 3388 κατὰ
251 3328 322 3388 πολιν
339 3335 382 3387 καί
398 3336 485 3408 χώρας
502 3334 530 3387 τὸ
547 3333 652 3388 παλαιὸν
665 3333 852 3409 συντελουμένης
866 3331 1073 3410 είδωλσλατρείας.
1090 3335 1123 3397 ὡς
1136 3335 1199 3409 μήτε

170 3431 276 3507 ε’γίρσιις
284 3433 376 3497 ξοάνων
384 3433 509 3485 ποιεῖσθαι
518 3431 620 3507 τολμᾷν,
632 3434 695 3507 μήτε
702 3434 829 3507 μαντείαις
839 3435 881 3486 καί
892 3439 948 3495 ταῖς
958 3432 1041 3495 αλλαις
1049 3434 1200 3508 περιεργίαις

171 3529 316 3605 ἐπιχειρεῖν,
331 3531 393 3604 μήτε
405 3531 453 3604 μὴν
468 3531 532 3584 θύειν
545 3525 648 3584 καθόλου
661 3527 764 3605 μηδένα.
778 3537 893 3602 dissum,
912 3539 963 3589 Vit.
981 3540 1082 3598 Cariat,
1101 3550 1129 3598 11,
1145 3537 1199 3606 lt.)

209 3612 304 3702 ὁμοίαν
318 3632 371 3692 τοῖς
385 3627 542 3682 πιστεύουσιν
555 3627 578 3681 οί
592 3627 745 3702 πλανώμενοι
759 3629 889 3701 χαίροντες
902 3627 1092 3702 λαμὸανίτωσαν
1104 3630 1200 3703 εἰρήνης

170 3741 197 3776 τε
209 3726 251 3778 καί
267 3725 378 3796 ἡσυχίας
398 3723 534 3779 ἀπσλανσιν
538 3763 599 3777 .....
614 3722 700 3799 μηδείς
718 3725 760 3778 τὸν
780 3723 860 3797 ἕτερον
880 3724 1074 3799 παρενοχλείτω·
1099 3724 1200 3787 ἕκαστος

171 3819 229 3897 ὅπερ
241 3823 257 3882 ἡ
270 3820 342 3895 ψυχὴ
356 3821 472 3897 βούλεται
485 3827 558 3876 τοῦτο
570 3825 611 3876 καί
625 3828 766 3898 πραττέτω.
783 3830 874 3898 (wid,
890 3847 915 3896 p.
930 3833 984 3895 55.)

210 3905 322 3983 ἱκαστος
335 3918 395 3996 ὅπερ
406 3923 495 3984 πείσας
508 3920 593 3975 ἑαοτὸν
609 3918 767 3978 ἀναδέδεκται
782 3923 862 3996 τούτῳ
876 3924 918 3977 τὀν
933 3922 1013 3997 ἕτερον
1024 3925 1058 3998 μὴ
1073 3920 1201 3974 καταὸλα-

171 4019 262 4089 πτίτω,
280 4017 341 4094 ὅπερ
355 4017 436 4094 ἕτερος
449 4014 499 4073 εἶδε
515 4022 596 4072 τεκαὶ
615 4019 709 4079 ε’νίησε·
730 4022 809 4093 τοὺτῳ
824 4021 866 4074 τὸν
880 4019 983 4078 πλησιον
996 4023 1018 4072 εἰ
1030 4020 1074 4092 μὲν
1088 4017 1200 4088 γενέσθαι

171 4115 282 4183 tamea,
298 4117 429 4192 ὠφελείτω,
447 4115 504 4173 τίδ’
520 4115 639 4186 ἀδύνατον
652 4119 866 4204 παραπεμπέσθοι.
883 4123 963 4189 (mid.
978 4136 1004 4185 p.
1019 4123 1072 4183 aa.)

204 4216 241 4284 (2)
258 4217 326 4268 Loco
339 4229 398 4279 sup.
414 4217 486 4268 citat.

202 4298 237 4365 (a)
254 4300 398 4364 Lucrina,
414 4304 481 4353 [ost.
495 4302 595 4358 diota,
609 4311 635 4362 v,
649 4299 692 4353 20.
