3054 5046
582 561 743 624 ..67‚.

142 691 282 754 omnium
295 693 328 754 in
346 693 473 778 imperio
493 693 685 774 religionum,
707 695 844 758 omnium
867 713 1024 756 sacrorum
1047 694 1175 756 arbitros

142 810 193 852 eos
217 790 426 852 constituebat.
452 791 490 850 Et
513 797 636 871 apparet
657 792 900 871 Constantinum,
926 813 996 853 cum
1022 793 1175 856 Pontificis

142 889 267 950 Maximi
281 908 394 949 nomen
407 893 436 949 et
446 889 517 968 jura
527 889 641 949 nomini
650 889 826 951 inhaerentia
835 890 867 950 in
877 895 1008 952 veterem
1016 891 1176 951 observan-

140 989 215 1049 tiam
244 988 397 1066 retineret,
429 988 562 1067 quodam
588 989 677 1050 modo
699 988 731 1048 in
757 1007 806 1049 res
835 989 1067 1050 christianorum
1094 989 1176 1049 idern

141 1086 314 1146 dominium
332 1086 497 1162 affectasse,
523 1086 663 1146 eamdem
683 1085 879 1146 moderatoris
901 1087 947 1147 vel
962 1085 1110 1166 praesidis,
1125 1086 1174 1147 vel

140 1182 297 1243 Pontificis
328 1181 451 1242 Maximi
475 1183 646 1244 exercuisse
669 1182 885 1244 auctoritatem.
911 1183 956 1244 Ita
979 1184 1084 1262 etiam,
1110 1184 1177 1245 data

142 1280 314 1341 christianis
329 1280 476 1358 libertate,
492 1280 593 1341 omnia
605 1281 636 1341 in
651 1281 742 1340 unius
757 1301 850 1341 manu
865 1281 1071 1360 remanebant,
1082 1284 1177 1362 quod·

141 1398 202 1458 que
217 1377 367 1459 principes
386 1383 473 1438 antea
485 1377 659 1464 timuerant,
680 1399 718 1440 ne
740 1378 923 1460 Respublica
944 1380 1172 1458 distraheretur,

142 1476 290 1554 novisque
303 1475 395 1537 rebus
407 1494 462 1556 per
483 1476 661 1538 christianos
679 1477 778 1537 aditus
801 1478 899 1553 fieret,
919 1497 980 1537 non
990 1479 1054 1556 jam
1078 1479 1175 1539 Cons-

141 1575 258 1634 tantino
278 1575 477 1636 metuendum
491 1579 564 1635 erat.
581 1574 734 1646 Quamdiu
747 1575 839 1654 igitur
852 1575 971 1655 imperii
986 1576 1114 1636 Romani
1133 1582 1177 1637 te·
1254 1587 1257 1595 ’

142 1671 210 1732 nuit
224 1672 441 1750 gubernacula,
457 1691 614 1732 summurn
635 1671 680 1732 rei
699 1671 867 1732 christianae
891 1672 1098 1752 pontificatum
1116 1692 1178 1734 non

141 1770 299 1832 Romanus
313 1770 482 1851 episcopua,
501 1772 554 1832 sed
566 1771 631 1851 ipse
645 1771 857 1832 Constantinus
871 1771 970 1851 reipsa
983 1772 1127 1849 tractavit,
1139 1773 1178 1834 ad

46 1937 48 1942 ,
143 1887 289 1947 eumque,
304 1872 338 1951 ut
351 1867 389 1929 ad
409 1887 500 1928 suum
514 1869 675 1948 praesidem
689 1888 819 1949 vereque
834 1869 1005 1948 pontificem
1020 1888 1177 1930 summum

143 1966 299 2028 christiani
312 1965 344 2026 in
362 1967 503 2027 omnibus
516 1967 608 2028 rebus
632 1986 752 2048 semper
778 1968 881 2028 oculos
900 1968 1076 2050 animosque
1104 1989 1176 2032 con-

142 2068 309 2124 verterunt.
336 2062 423 2134 Quod
455 2063 597 2143 equidem
624 2065 689 2144 jam
716 2064 911 2125 manifestum
938 2066 1059 2126 efficere
1085 2068 1174 2146 nitar,

144 2166 273 2238 servata,
290 2180 383 2241 quarn
397 2161 483 2241 prius
495 2163 646 2244 proposito
658 2181 726 2224 meo
740 2163 876 2241 adhibui,
892 2163 1046 2226 divisione.

181 2259 251 2320 lam
266 2259 447 2320 motaeinter
461 2260 571 2320 Africae
591 2260 750 2341 provinciae
770 2261 947 2324 christianos
972 2264 1176 2327 contentiones

142 2360 179 2420 de
187 2360 373 2420 traditionis
383 2360 508 2420 crimine
516 2359 728 2438 efferbuerant,
739 2380 809 2420 cum
818 2361 1042 2440 Constantium,
1055 2361 1176 2425 Maxen-

142 2458 176 2518 tii
189 2464 292 2538 caput,
313 2465 474 2519 cruentum
497 2459 626 2519 victoriae
649 2459 876 2538 documentum,
901 2480 936 2522 eo
957 2460 1049 2520 misit.
1077 2461 1174 2524 Simul

142 2557 262 2638 scriptis
275 2557 313 2616 ad
322 2557 491 2618 Anulinum
502 2557 640 2636 ejusdem
655 2557 813 2636 provinciae
828 2559 1039 2638 proconsulem
1054 2544 1172 2640 litteris,

141 2649 223 2736 pacis
238 2657 451 2736 componendae
466 2656 576 2733 studio,
592 2675 664 2717 eum
677 2656 829 2734 monebat,
844 2662 878 2717 ut
892 2677 926 2718 ea
939 2677 1007 2738 quae
1021 2658 1059 2718 ad
1073 2659 1171 2718 chris-

140 2753 293 2814 tianorum
300 2754 352 2832 jus
362 2753 560 2833 pertinebant,
572 2773 633 2814 non
646 2753 746 2814 solum
760 2773 821 2814 non
827 2754 998 2834 perturbari
1006 2759 1170 2835 pateretur,

142 2851 195 2912 sed
220 2852 310 2912 etiam
333 2851 370 2910 iis
395 2851 579 2913 restituenda
602 2837 739 2927 curaret;
761 2851 946 2932 jubebatque
975 2858 1008 2912 ut
1037 2853 1171 2914 ecclesiae

107 2943 110 2946 ’
139 2950 281 3028 ministri,
292 2950 341 3010 cui
356 2949 533 3012 Caecilianus
547 2956 686 3030 praeerat,
703 2949 740 3010 ab
755 2950 896 3011 omnibus
910 2951 1032 3012 omnino
1042 2951 1171 3030 publicis

142 3049 346 3109 functionibus
363 3049 516 3110 immunes
536 3054 636 3110 essent
651 3069 666 3110 n
681 3055 717 3110 ut
730 3049 847 3127 absque
860 3049 929 3110 ullo
942 3051 1166 3128 inquietudine

143 3165 158 3205 «
176 3147 325 3223 propriae
345 3145 406 3223 legi
415 3147 540 3223 possint
560 3147 727 3206 desereire.
747 3145 884 3222 »Flebat
903 3145 942 3206 ita
955 3147 1063 3206 veteris
1077 3147 1169 3208 disci-

140 3243 230 3323 plinae
241 3249 271 3304 et
280 3242 433 3322 religionis
443 3243 612 3305 christianae
626 3244 752 3323 aequalis
766 3243 905 3321 conditio,
922 3249 951 3304 et
965 3245 1031 3325 pari
1049 3246 1171 3308 honoris

140 3342 237 3420 gradu
250 3341 409 3421 utriusque
429 3341 581 3420 religionis
594 3341 725 3402 ministri
739 3340 958 3402 afficiebantur.
984 3343 1101 3423 Nempe
1119 3345 1172 3406 illa

137 3439 201 3517 jam
216 3438 335 3519 pridem
348 3439 509 3500 curialium
523 3457 650 3500 onerum
667 3438 856 3499 immunitate
879 3441 1048 3502 sacerdotes
1067 3447 1097 3502 et
1111 3443 1168 3503 tla-

143 3537 241 3597 mines
255 3536 443 3598 fruebantur.

180 3634 241 3695 Sed
263 3635 295 3696 in
309 3634 411 3696 Africa
425 3634 475 3695 alii
490 3633 641 3695 Caeciliani
653 3637 753 3714 partes
766 3633 939 3712 tuebantur,
955 3634 1005 3696 alii
1019 3635 1167 3716 Majorini.

77 3805 84 3814 ν
140 3733 203 3793 Nec
217 3733 447 3794 Constantinum
467 3732 587 3792 fallebat
607 3731 719 3792 multos
735 3729 777 3790 ibi
792 3731 969 3792 christianos
985 3735 1171 3797 tumultuose

141 3850 240 3910 agere,
256 3831 383 3910 ideoque
403 3830 536 3891 Anulino
556 3829 588 3890 in
609 3829 757 3890 mandatis
777 3829 910 3908 dederat,
926 3835 960 3890 ut
980 3832 1107 3910 hujusce
1126 3835 1171 3895 rei

141 3948 246 3990 curam
273 3932 405 4008 gereret,
431 3927 514 3988 etin
535 3946 586 3988 eos
611 3927 749 4007 quinon
775 3927 846 3990 satis
866 3928 931 4007 paci
950 3933 979 3989 et
1004 3931 1169 3992 concordiae

140 4029 331 4089 consulerent
344 4027 581 4090 animadvertere
596 4047 657 4089 non
672 4026 822 4088 dubitaret
832 4025 887 4108 (l).
904 4027 985 4098 Quin
997 4028 1058 4088 imo
1072 4030 1167 4091 Caeci-

140 4127 256 4188 lianum
280 4127 383 4207 ipsum
413 4127 553 4189 monebat
575 4131 610 4186 ut
632 4119 673 4189 ad
702 4126 950 4207 compescendam
976 4127 1170 4188 factiosorum

174 4345 210 4414 (t)
225 4347 355 4399 mosum.
371 4345 448 4410 epist.
462 4343 495 4396 ad
506 4341 676 4395 caecilianum.
689 4341 806 4406 (busun,
820 4343 892 4395 litat.
904 4342 977 4402 acet..
988 4341 1025 4408 6.)
