3054 5046
750 525 913 588 *tt-

318 662 415 744 sequi.
439 663 502 724 Nec
519 661 622 722 nunus
645 661 839 724 Constantino
859 679 949 740 grave
962 666 993 722 et
1006 661 1168 722 molestum
1184 666 1249 721 erat
1261 660 1345 722 illam

316 781 409 842 quam
431 766 513 822 tanto
538 760 636 822 studio
665 759 780 822 fovebat
808 760 998 822 concordiam
1025 759 1232 840 pessumdari,
1258 764 1289 820 et
1314 759 1345 820 in

317 865 467 934 aeternum
480 859 635 940 prorogari
650 858 861 920 dissensiones,
878 858 984 938 Neque
993 858 1015 918 ii
1025 858 1077 938 qui
1086 857 1237 920 Caeciliani
1248 863 1347 938 partes

316 958 479 1019 tuebantur
491 958 610 1018 eumad
620 957 792 1018 violentiam
802 955 1033 1038 protrahebant,
1050 962 1080 1018 et
1094 961 1238 1036 occupata
1251 976 1270 1017 a
1283 956 1345 1016 Do-

317 1055 432 1116 natistis
453 1056 485 1116 in
513 1053 705 1116 constantina
734 1056 849 1117 civitate
871 1055 1006 1116 ecclesiae
1032 1055 1183 1116 catholicae
1205 1053 1346 1131 basilica,

318 1153 481 1233 poscebant
497 1159 626 1231 tantum,
643 1159 677 1214 ut
697 1154 861 1234 imperator
884 1155 921 1214 de
944 1153 1017 1214 lisco
1039 1154 1141 1214 locum
1161 1153 1208 1214 vel
1222 1153 1348 1214 domum

317 1252 402 1313 daret
415 1251 467 1313 ubi
480 1252 537 1313 alia
552 1257 652 1332 posset
674 1253 789 1312 exstrui
811 1251 867 1334 (1).
891 1251 991 1325 Quam
1010 1252 1184 1332 petitionem
1199 1252 1345 1312 Constan-

314 1349 400 1411 tinus
413 1350 542 1412 libenter
556 1352 714 1432 amplexus
728 1356 792 1428 est,
809 1356 840 1412 et
853 1351 949 1412 fiscali
963 1356 1087 1430 sumptu
1105 1356 1140 1410 ut
1158 1349 1282 1411 basilica
1296 1369 1346 1410 ca-

318 1446 436 1508 tholicis
456 1447 634 1526 erigeretur,
660 1447 821 1509 mandavit.
838 1447 970 1525 Deinde,
989 1439 1187 1508 invalescente
1200 1447 1232 1508 in
1248 1447 1351 1508 Africa

319 1545 468 1622 tumultu,
484 1545 583 1624 legem
601 1550 704 1606 contra
720 1545 888 1606 Donatistas
902 1545 1125 1606 severissimam
1140 1545 1247 1623 edidit,
1264 1550 1294 1606 et
1308 1545 1351 1606 eis

319 1643 457 1704 basilicas
479 1643 593 1704 auferri
611 1644 712 1723 jussit,
734 1643 936 1722 precepitque
951 1649 985 1704 ut
1004 1644 1068 1704 loca
1087 1643 1352 1722 congregationum

319 1741 456 1822 ipsorum
478 1741 550 1802 fisco
573 1741 798 1803 vindicarentur
814 1740 869 1821 (2).
889 1742 985 1822 Cujus
1005 1742 1080 1820 legis
1103 1761 1172 1821 quae
1195 1743 1227 1802 in
1251 1741 1353 1804 codice

320 1839 525 1900 Theodosiano
553 1839 757 1916 desideratur,
783 1839 944 1900 Gratianus
974 1839 1112 1900 meminit
1130 1839 1162 1900 in
1185 1840 1251 1918 lege
1278 1839 1354 1900 :Ne

322 1945 468 1998 sanctum
496 1939 655 2015 baptisma
681 1940 814 1998 iteretur
837 1936 893 2018 (3).
925 1939 990 1999 Hac
1013 1939 1104 2000 etiam
1131 1939 1196 2017 lege
1219 1943 1301 1999 actos
1323 1939 1355 1998 in

323 2033 448 2094 exilium
471 2035 618 2114 quosdam
643 2033 813 2095 Donatistae
831 2041 955 2114 apparet
974 2035 1029 2117 (l).
1053 2035 1113 2096 Sed
1134 2041 1262 2114 quatuor
1289 2041 1356 2115 post

322 2132 419 2209 annis,
436 2132 541 2213 Crispo
558 2138 588 2194 et
606 2133 797 2194 Constantino
811 2132 923 2194 iterum
936 2133 1112 2194 consulibus
1131 2132 1231 2215 (321),
1254 2134 1356 2194 missis

324 2231 362 2292 ad
375 2230 522 2292 Verinum
544 2230 690 2292 vicarium
703 2231 821 2308 litteris,
839 2232 1051 2293 Constantinus
1062 2231 1154 2311 jussit
1168 2236 1202 2291 ut
1214 2232 1356 2292 exulibus

325 2328 472 2389 redeundi
485 2328 570 2408 copia
584 2329 688 2406 lieret,
708 2335 737 2390 et
756 2329 819 2390 Deo
839 2329 948 2390 vindici
961 2349 1068 2390 eorum
1083 2347 1172 2390 causa
1186 2328 1353 2390 dimittere-

325 2431 377 2486 tur
398 2424 455 2508 (5),
477 2427 659 2507 plenamque
680 2428 831 2507 optionem
849 2427 931 2488 Afris
949 2428 1030 2488 dedit
1052 2433 1150 2488 utram
1177 2426 1356 2488 certantium

326 2528 443 2604 partem
458 2524 545 2604 sequi
557 2525 668 2586 vellent
681 2524 737 2606 (6).

366 2620 440 2682 Haec
459 2621 496 2683 de
520 2621 682 2685 Donatistis
703 2622 856 2702 attigimus
874 2622 1016 2699 breviter,
1041 2641 1101 2702 quo
1118 2620 1306 2682 manifestius
1321 2622 1359 2682 sit

327 2738 403 2799 quas
417 2719 474 2780 sibi
487 2720 584 2798 vices,
600 2741 693 2801 quam
705 2740 866 2800 personam
880 2719 1093 2781 Constantinus
1110 2720 1141 2780 in
1160 2720 1252 2782 rebus
1265 2721 1359 2781 eccle-

328 2817 453 2879 siasticis
464 2819 637 2900 sumpserit.
650 2819 725 2891 Quis
739 2825 841 2882 autem
856 2823 945 2898 neget
958 2819 990 2878 in
1003 2818 1086 2878 omni
1102 2819 1158 2880 hac
1171 2817 1358 2879 contentione

329 2916 529 2977 ecclesiastica
549 2917 662 2998 primas
678 2937 799 2997 semper
820 2917 1049 2978 Constantinum
1062 2916 1221 2977 tenuisse?
1239 2915 1315 2988 Quis
1332 2915 1359 2974 ei

331 3014 445 3074 summi
460 3015 676 3093 moderatoris,
701 3022 731 3076 et
751 3016 886 3096 supremi
897 3015 1009 3094 judicis
1029 3034 1142 3076 munus
1160 3033 1221 3075 non
1242 3013 1357 3074 adscri-

331 3110 403 3172 bat‘l
420 3111 477 3172 Hic
491 3116 570 3173 certe
588 3131 693 3172 rerum
715 3112 984 3173 ecclesiasticarum
999 3111 1126 3189 arbiter,
1142 3110 1224 3191 pacis
1245 3116 1275 3172 et
1286 3110 1356 3169 uni·
1395 3139 1402 3148 =

331 3207 399 3268 tatis
419 3213 640 3288 propugnator,
662 3214 692 3269 et
712 3209 819 3270 debitae
846 3229 918 3289 erga
940 3209 1039 3270 Deum
1063 3208 1237 3270 reverentiae
1260 3213 1360 3268 custos

332 3303 531 3382 liquidissime
545 3311 678 3386 apparet,
694 3326 751 3368 nec
763 3307 850 3368 aliter
864 3307 902 3367 ab
917 3307 1058 3368 omnibus
1072 3307 1212 3383 habetur,
1227 3305 1259 3364 in
1272 3323 1360 3366 eum·

332 3420 392 3480 que
407 3423 504 3464 unum
518 3410 548 3465 et
561 3405 613 3484 qui
623 3424 678 3485 pro
692 3405 850 3466 Caeciliano
865 3411 944 3466 stant
956 3411 987 3467 et
999 3405 1052 3485 qui
1066 3411 1169 3466 contra
1178 3423 1246 3484 spes
1256 3422 1361 3465 omnes

331 3499 486 3564 collocant.
497 3502 694 3564 ADonatistis
702 3504 869 3585 appellatus
880 3509 982 3564 contra
993 3503 1187 3565 Caecilianum
1198 3502 1362 3564 Constanti-

367 3725 405 3793 (t)
421 3728 519 3792 script.
540 3730 594 3780 Vct.
607 3729 644 3780 ud
658 3728 720 3781 tlst.
734 3731 805 3782 Dua.
819 3729 931 3792 pertin..
947 3741 973 3793 p.
985 3726 1027 3779 tt.

367 3810 402 3877 (Ξ)
421 3811 449 3861 S.
463 3812 588 3872 Aucusv„
600 3824 643 3876 ep.
659 3812 724 3874 ¹⁰53
743 3825 785 3877 ep.
809 3813 851 3876 93,
866 3813 878 3876 t
894 3812 936 3876 ll,
955 3811 1058 3890 tttgep.
1073 3811 1116 3864 88.
1132 3838 1164 3849 -
1178 3813 1255 3865 Gont.
1270 3811 1362 3862 Lttter.

334 3896 475 3955 Petiliam,
491 3894 536 3945 lib.
550 3906 579 3954 u,
595 3909 617 3944 c.
634 3894 676 3952 92.

367 3978 403 4048 (3)
423 3981 485 4033 cod.
499 3977 637 4039 caecans„
652 3991 706 4041 xvv,
722 3981 762 4030 tlt.
775 3979 802 4043 6,
817 3981 835 4031 l.
848 3979 874 4030 2.

368 4063 404 4129 (t)
420 4065 447 4114 S.
462 4073 580 4124 uoousr„
590 4076 631 4129 ep.
644 4065 687 4116 os.

367 4148 404 4216 (a)
421 4151 447 4200 S.
463 4150 586 4209 sucoso,
604 4152 680 4204 Brea.
705 4151 794 4202 collat.
816 4163 877 4203 cum
897 4153 1010 4212 Donat,
1030 4149 1073 4215 tt,
1095 4150 1147 4214 ²⁴3
1174 4151 1211 4202 od
1229 4149 1364 4202 donatist.

300 4271 303 4277 Δ
333 4239 406 4298 post.
421 4235 522 4294 collat,
537 4235 580 4284 35.

369 4316 405 4385 (θ)
422 4317 661 4380 nostrarumque.
678 4320 748 4371 litat.
762 4320 833 4376 cccl..
844 4333 870 4386 p.
889 4319 945 4372 tut.

1429 3490 1442 3526 Ι
