3054 5046
663 687 1003 795 GONGLUSIO.

359 1366 458 1429 Omne
471 1367 528 1427 hoo
543 1365 758 1427 dissertationis
770 1371 879 1427 nostrae
889 1368 1075 1448 propositum
1086 1368 1117 1427 in
1127 1366 1244 1427 duabus
1254 1367 1346 1427 rebus

320 1465 500 1541 continetur,
512 1481 643 1543 quarum
653 1463 746 1524 altera
756 1483 793 1525 ex
803 1464 911 1526 Zosimi
922 1466 1015 1526 altera
1027 1485 1065 1526 ex
1077 1465 1208 1545 quodam
1217 1463 1346 1525 Socratis

318 1564 382 1625 loco
397 1568 520 1624 constat.

359 1663 495 1724 Zosimus
508 1662 589 1723 enim
602 1662 693 1723 tradit
705 1682 811 1724 omnes
825 1664 1021 1744 imperatores
1035 1681 1174 1726 romanos
1193 1661 1346 1724 Pontificis

320 1761 444 1822 Maximi
466 1762 612 1822 honorem
634 1761 852 1822 lubentissimis
877 1761 985 1822 animis
1009 1763 1158 1843 accepisse
1181 1767 1270 1840 atque
1290 1759 1355 1820 hoc'

318 1859 405 1920 titulo
428 1877 500 1918 usos
518 1877 600 1935 esse,
621 1859 756 1939 adeoque
779 1861 1007 1921 Constantinum
1020 1861 1138 1939 ipsum,
1153 1859 1252 1920 liceto
1266 1863 1346 1920 recta

320 1956 413 2016 sacris
426 1956 458 2016 in
472 1955 565 2017 rebus
585 1955 633 2015 via
652 1955 808 2018 deflexerit
826 1963 856 2017 et
872 1957 964 2018 tidem
985 1957 1217 2018 christianorum
1231 1955 1269 2016 sit
1281 1975 1344 2017 am·

320 2053 446 2132 plexus;
475 2052 670 2131 primumque
701 2053 779 2114 inter
811 2054 960 2133 principes
992 2054 1168 2115 Gratianum
1193 2052 1346 2114 Pontificis

320 2149 442 2212 Maximi
461 2151 568 2210 stolam
591 2169 611 2210 a
631 2151 754 2230 collegio
770 2151 952 2212 Pontificum
970 2151 1115 2230 oblatam,
1136 2157 1279 2231 utquam
1301 2151 1346 2211 in-

320 2249 414 2330 duere
431 2248 628 2309 christianum
642 2249 743 2309 virum
757 2269 819 2310 non
835 2251 969 2328 deceret,
990 2249 1135 2330 abjecisse
1153 2247 1209 2330 (1).
1226 2249 1346 2310 Rursus

320 2347 456 2409 Socrates
481 2347 682 2408 Scholasticus
709 2349 741 2408 in
764 2349 861 2428 quinti
891 2349 1098 2410 ecclesiasticae
1121 2347 1251 2408 historiae
1277 2346 1345 2407 libri

319 2445 479 2525 promotio,
493 2445 579 2524 quasi
592 2465 658 2506 sese
672 2465 817 2508 excusare
830 2448 930 2525 vellet,
943 2448 1024 2526 quod
1034 2448 1127 2510 rebus
1140 2445 1346 2507 ecclesiasticis

318 2543 416 2605 civilia
429 2543 660 2622 intermisceret,
675 2545 746 2605 dicit
759 2564 792 2606 se
805 2546 917 2625 passim
932 2547 1149 2626 imperatorum
1162 2543 1345 2604 mentionem

187 2701 190 2708 .
255 2671 258 2674 ·
319 2647 477 2721 propterea
494 2641 616 2718 fecisse,
640 2642 778 2722 quod'ex
802 2644 854 2704 illo
874 2650 1010 2723 tempore
1028 2663 1088 2723 quo
1106 2640 1267 2704 Christiani
1279 2659 1346 2701 esso

318 2743 492 2819 coeperunt,
518 2739 659 2800 Ecclesiae
686 2740 802 2819 negotia
825 2760 863 2801 ex
889 2742 1012 2802 illorum
1033 2747 1109 2800 nutu
1132 2739 1263 2820 pendere
1284 2737 1346 2798 visa

262 2911 264 2916 ι
319 2842 405 2914 sunt,
421 2841 511 2916 atque
524 2837 598 2898 adeo
614 2837 745 2899 maxima
759 2839 882 2900 concilia
903 2840 939 2900 de
962 2839 1140 2900 eorumdem
1155 2835 1301 2897 sententia
1316 2839 1346 2895 et

319 2939 476 2995 convocata
486 2935 610 2996 fuerunt
622 2941 653 2996 et
668 2937 841 2998 etiamnunc
850 2943 1049 2999 convocantur
1064 2935 1119 3019 (2).
1377 3007 1378 3010 Ἴ

361 3029 448 3101 Quod
465 3036 567 3091 autem
584 3032 720 3093 Zosimus
734 3040 764 3094 et
777 3035 915 3095 Socrates
931 3035 968 3094 de
984 3033 1154 3094 christianis
1167 3030 1345 3111 generaliter

319 3127 552 3207 imperatoribus
562 3130 729 3209 affirmant,
746 3132 778 3192 id
791 3133 828 3192 de
842 3133 1033 3193 Constantino
1043 3131 1151 3209 Magno
1163 3147 1270 3190 verum
1279 3145 1345 3190 esse

318 3229 525 3289 demonstrare
534 3231 724 3291 tentavimus
1088 3231 1092 3236 ’

357 3324 495 3386 Priorem
508 3327 705 3405 quaestionem
716 3330 781 3409 jam
794 3330 832 3391 ab
851 3315 1062 3391 eruditissimis
1076 3329 1148 3389 viris
1165 3327 1345 3412 disputatem

350 3562 386 3629 tt)
413 3555 444 3614 Oi
459 3557 503 3632 pio
519 3551 560 3611 οὖν
574 3553 642 3612 ἄλλοι
655 3563 746 3626 πάντες
762 3553 940 3637 αὐτοκράτορες
951 3555 1123 3636 ἀσμενέστατα
1139 3559 1265 3633 φαίνονται
1275 3553 1344 3622 δοξά-

317 3673 385 3730 μινοι
396 3656 441 3712 τὴν
457 3657 531 3731 τιμὴν
551 3660 592 3710 καὶ
614 3663 645 3734 τῇ
666 3659 788 3736 ἐπιγραφῇ
803 3663 959 3735 χρησάμενοι
977 3659 1067 3733 ταύτῃ,
1084 3661 1125 3711 καί
1146 3653 1176 3716 δὴ
1197 3659 1238 3710 καί
1255 3661 1346 3712 Kono-
1381 3721 1382 3724 Ἴ

273 3739 274 3744 ’
315 3760 438 3823 ταντῖνος,
451 3751 534 3812 ἐπειδὴ
549 3758 583 3816 εἱς
596 3757 670 3810 αὐτὸν
684 3751 754 3816 ἦλθεν
768 3758 783 3817 ἡ
797 3757 925 3832 βασιλεία,
940 3759 981 3810 καὶ
995 3759 1075 3809 ταῦτα
1085 3761 1128 3818 τῆς
1142 3754 1214 3830 ὀρθῆς
1228 3751 1285 3808 ὁδοῦ
1299 3759 1344 3818 τῆς

317 3851 373 3922 περὶ
394 3851 426 3902 τὰ
447 3852 501 3904 θεῖα
523 3857 625 3926 τραπεὶς
647 3857 688 3908 καὶ
706 3861 754 3908 τῶν
779 3861 935 3930 Χριστιανῶν
958 3853 1067 3929 depone
1085 3856 1208 3908 πίστιν...
1233 3859 1345 3925 (zeum,

317 3954 355 4004 ιν,
365 3942 418 4002 56.)

352 4039 387 4110 (d)
404 4041 517 4108 Συνεχῶς
525 4031 551 4089 δὲ
565 4040 606 4090 καὶ
618 4039 675 4100 τοὺς
682 4033 794 4112 βασιλεῖς
805 4044 836 4114 τῇ
846 4039 944 4112 ἱστορίᾳ
953 4036 1175 4113 περιλαμὸἀνομεν,
1188 4029 1252 4090 deiri
1263 4032 1304 4108 ἀφ’
1318 4027 1346 4085 οὗ

318 4135 501 4208 Χριστιανίζειν
513 4130 620 4209 ἤρξαντο
633 4137 666 4188 τὰ
678 4141 722 4198 τῆς
740 4121 868 4199 ἐκκλησίας
888 4136 1026 4211 πράγματα
1045 4131 1137 4210 ἤρτητο
1160 4133 1186 4198 ἐξ
1205 4134 1285 4186 αὐτῶν
1304 4133 1346 4184 καὶ

272 4275 275 4284 .
318 4215 353 4286 αὶΙ
359 4233 476 4306 μέγισται
494 4229 635 4308 σι’ννοδοιτῇ
654 4235 734 4286 αὐτῶν
747 4237 832 4310 γνώμη
844 4232 964 4309 γεγόνασί
976 4253 1003 4287 τι
1019 4236 1060 4286 καί
1075 4234 1194 4306 γίνονται.
1213 4241 1345 4305 (socnam,

319 4325 390 4376 Ha'st.
406 4325 480 4382 acet,
494 4325 539 4376 no.
555 4335 582 4383 v,
597 4324 623 4377 in
637 4325 783 4391 prooemio.)
