3054 5046
593 540 755 602 ..65...

154 675 209 754 qui
223 675 311 736 annis
323 674 383 734 335
402 669 437 736 ae
453 675 512 736 337
534 677 738 738 sacerdotibus
756 682 785 738 et
805 677 978 739 flaminibus
991 677 1144 757 privilegia
1157 684 1187 738 ei

154 772 364 833 immunitates
381 773 589 850 conservabat,
607 775 660 853 qui
684 774 740 835 sibi
754 793 832 836 anno
850 775 909 834 333
926 775 1023 836 aedem
1040 775 1114 854 erigi
1130 775 1183 853 ju·

152 870 245 932 bebai
262 869 320 951 (l),
342 871 395 950 qui
416 878 516 933 vetera
539 891 624 933 soora
641 877 765 953 sumptu
788 873 919 953 publico,
935 873 1039 934 multis
1056 878 1135 934 certe
1154 873 1186 932 in

152 967 289 1049 loeisffi)
305 969 372 1029 fieri
391 969 569 1049 patiebatur,
589 990 682 1051 quem
700 971 877 1032 Pontificem
901 971 1067 1033 Maximum
1081 971 1188 1051 pegeni

156 1067 335 1128 solemniter
353 1068 553 1147 appellebant,
569 1088 640 1130 oum
658 1075 788 1130 statuam
805 1069 862 1129 sibi
876 1075 905 1130 ei
919 1069 1189 1148 Constantinopolis

154 1164 301 1225 Fortunae
318 1164 422 1244 perfici
438 1165 571 1245 juberet,
593 1185 689 1246 eaque
710 1167 872 1228 simulacra
892 1167 1020 1243 adorari,
1036 1185 1096 1226 non
1114 1165 1188 1227 adeo

153 1261 214 1321 sihi
237 1261 395 1324 dissentire
412 1261 580 1325 videbatur.

192 1488 227 1551 (lt
245 1487 419 1539 Sacerdotium
440 1488 603 1540 Constantino
621 1487 769 1552 imperatori
791 1493 849 1551 post
870 1487 966 1538 victum
986 1485 1140 1537 Maxentium
1163 1487 1189 1536 iu

154 1571 240 1623 Africa
254 1572 454 1626 deluuntuisse
468 1575 561 1625 Sextus
574 1573 692 1624 Aurelius
707 1573 791 1623 Victor
806 1573 854 1638 (De
869 1574 944 1632 coo„
958 1569 1000 1638 io)
1014 1576 1108 1624 narret.
1122 1569 1192 1621 Airi-

154 1672 237 1708 canus
250 1665 335 1710 eutem
355 1658 445 1709 titulus
458 1660 592 1710 Aradium
609 1660 667 1710 Vol.
688 1659 835 1709 Proculum
847 1656 965 1708 omnibus
979 1656 1093 1707 iunctum
1107 1655 1191 1707 hono-

155 1743 398 1805 ribus,l’our1rmrs
409 1744 546 1795 Fuivrmis
558 1757 650 1794 munus
662 1743 805 1807 explevisse
819 1742 906 1794 docet.
919 1743 964 1804 Qui
977 1741 1080 1806 quidem
1093 1750 1191 1792 consti

156 1840 315 1880 oroimuuvs
329 1843 395 1880 anno
412 1829 462 1881 330
483 1828 540 1879 luit.
557 1827 678 1895 (Oneum,
700 1837 728 1878 oo
741 1827 829 1892 5672.)
843 1827 908 1889 Quid
922 1827 1048 1889 smirnii,
1062 1830 1110 1877 troc
1125 1839 1193 1891 pree-

156 1913 247 1964 scrtim
263 1925 327 1974 aem,
342 1913 460 1964 Flauialis
474 1912 604 1978 pontifex?
619 1913 706 1963 Nonne
720 1912 746 1962 in
760 1911 815 1962 aede
829 1910 995 1963 Constantino
1012 1909 1138 1971 dedicate,
1153 1923 1194 1962 so·
1265 1922 1267 1927 ’

157 2009 261 2047 crorum
277 1997 393 2048 minister
407 1996 479 2048 eret?

193 2081 228 2142 (ii
246 2081 299 2132 lioo
314 2083 399 2148 colligi
413 2096 489 2147 posse
511 2089 572 2146 puto
591 2081 763 2147 eSymmeohi
784 2080 916 2132 notissima
941 2081 973 2131 do
992 2084 1049 2132 Ara
1071 2082 1193 2143 Victoria

158 2167 295 2227 relatione,
310 2181 359 2231 que
380 2167 502 2218 doeemur
517 2182 532 2218 a
546 2167 720 2218 Valentiniano
737 2167 844 2218 vetitum
866 2179 898 2216 ne
920 2166 1105 2217 sacrificiorum
1118 2173 1194 2217 vete-

159 2239 350 2316 rum'sumptus
367 2255 473 2316 pecunia
488 2253 589 2317 punitor
604 2251 705 2304 flerent.
722 2252 792 2302 idem
807 2257 834 2302 ot
847 2251 933 2316 colligi
948 2256 1038 2322 potest
1045 2251 1077 2301 de
1092 2249 1193 2302 duobus

160 2337 255 2388 Zosimi
266 2337 329 2387 locis
343 2336 399 2400 (tib.
411 2347 438 2387 1v
452 2342 479 2387 et
492 2348 516 2398 vi
530 2337 623 2401 quibus
644 2337 807 2388 'theodosius
821 2341 879 2400 post
902 2334 1032 2386 subletum
1051 2334 1192 2400 Eugenium

161 2421 229 2474 idem
244 2421 332 2473 liomte
346 2423 461 2474 semisse
475 2423 596 2474 refertur.
