3054 5046
589 529 749 589 ..69-

143 657 381 738 diligentissime
397 668 426 722 et
443 661 609 722 rectissime
624 659 781 742 dijudicari
806 668 836 724 et
856 681 893 722 ex
912 661 992 749 juris
1011 661 1185 743 praescripto

141 757 252 818 absolvi
267 761 381 838 possit.
401 759 557 840 Siquidem
571 779 627 821 nec
640 767 732 821 tuam
745 761 947 822 sedulitatem
962 761 1033 822 latet
1045 779 1095 822 me
1114 765 1183 822 tan·

140 862 203 916 tum
213 863 331 920 sanctae
342 865 376 920 et
387 859 537 921 catholicae
551 859 692 920 Ecclesiae
704 859 850 936 tribuere,
861 865 895 919 ut
906 859 1001 920 velim
1008 878 1059 920 vos
1066 860 1187 921 nullum

140 956 281 1032 generale
297 959 439 1019 schisma
451 958 628 1036 nullamque
643 956 860 1018 dissensionem
872 957 904 1018 in
914 958 977 1018 ullo
990 958 1054 1018 loco
1064 957 1186 1018 omnino

138 1052 320 1132 relinquere
336 1053 397 1137 (l).
415 1075 431 1114 >›

177 1149 335 1212 Habitum
351 1158 398 1214 est
413 1152 581 1213 Concilium
596 1158 625 1212 et
638 1151 675 1212 ab
693 1151 776 1212 omni
796 1151 864 1213 labe
879 1151 1058 1214 Caecilianus
1071 1170 1185 1232 purga·

137 1250 187 1306 tus
195 1253 255 1326 est,
268 1250 484 1328 sententiaque
499 1249 710 1329 episcoporum
720 1249 757 1308 ad
768 1248 997 1310 Constantinum
1004 1249 1119 1329 perlata
1129 1254 1186 1325 esi,

137 1360 231 1420 quam
246 1349 425 1412 rectissime
440 1353 471 1407 et
480 1367 518 1407 ex
532 1346 720 1406 conscientiae
735 1365 806 1407 voce
821 1346 1047 1428 pronuntiatam
1068 1365 1186 1408 assere·

136 1440 208 1502 bant
223 1443 285 1524 (2).
302 1447 373 1507 Nec
387 1447 425 1506 lis
434 1452 536 1507 tamen
560 1446 718 1527 dirempta,
747 1445 986 1527 repugnantibus
999 1446 1182 1506 accusatori-

137 1537 208 1618 bus,
238 1548 271 1602 et
295 1545 427 1605 alteram
440 1545 478 1606 ad
496 1545 710 1624 imperatorem
722 1545 953 1624 appellationem
967 1544 1184 1624 interponenti·

138 1635 208 1699 bus.
226 1641 406 1723 Imperator
424 1651 527 1705 tamen
544 1645 610 1722 lege
630 1645 696 1705 data
716 1648 850 1704 extremo
865 1643 913 1704 die
928 1643 1042 1704 mensis
1057 1644 1188 1706 octobris

138 1733 227 1818 (313)
251 1741 427 1804 Ecclesiam
447 1743 630 1804 Catholicam
644 1742 858 1802 haereticorum
872 1741 998 1803 factione
1007 1748 1144 1803 vexatam
1157 1749 1187 1804 et

139 1842 401 1916 susceptionibus
412 1846 523 1901 contra
534 1841 663 1900 indulta
679 1843 720 1900 iis
726 1840 901 1918 privilegia
915 1846 1131 1921 praegravatam
1145 1842 1183 1904 ab

141 1928 176 1992 iis
190 1933 323 2015 injuriis
336 1939 482 2000 liberabat
491 1937 547 2020 (3).

181 2031 250 2094 Nec
260 2036 496 2116 appellationem
506 2038 544 2097 ad
555 2055 587 2097 se
598 2037 706 2097 iactam
719 2036 852 2098 aDonati
864 2036 999 2117 partibus
1009 2037 1185 2100 Constanti-

142 2145 202 2190 nus
220 2133 344 2212 abnuit,
361 2154 431 2194 cum
450 2135 530 2214 apud
547 2155 618 2194 eum
632 2135 669 2195 de
690 2134 813 2195 concilio
830 2135 934 2195 Romae
948 2135 1048 2197 habito
1070 2155 1182 2217 quere-

147 2236 271 2310 rentur,
290 2235 370 2313 quod
384 2253 440 2294 nec
454 2234 542 2313 plene
555 2253 611 2294 nec
621 2238 701 2294 recte
716 2238 745 2293 ei
758 2253 776 2294 a
790 2234 893 2314 paucis
910 2253 1000 2295 causa
1017 2235 1184 2296 examinata

147 2325 258 2390 luisset
278 2329 336 2412 (4),
349 2336 379 2390 ot
397 2331 429 2391 in
452 2330 615 2392 Miltiadem
637 2331 738 2410 ipsum
763 2332 909 2411 malignas
942 2337 972 2392 et
990 2332 1089 2413 adhuc
1113 2353 1182 2394 am-

146 2419 257 2502 biguas
273 2428 495 2489 criminationes
505 2429 678 2507 allegarent,
695 2434 725 2488 et
736 2429 869 2490 Felicem
883 2429 1186 2509 Aptunginensem,a

147 2538 209 2598 quo
236 2525 416 2585 Caecilianus
438 2525 593 2585 ordinatus
616 2526 724 2603 iuerat,
747 2526 998 2587 manifestissimae
1016 2526 1183 2588 traditionis

149 2627 315 2698 arguerent
331 2621 386 2704 (5).
403 2621 497 2682 lussit
510 2623 610 2702 itaque
623 2623 787 2703 imperator
801 2629 835 2684 ut
847 2626 976 2684 remotis
990 2625 1184 2686 necessitati-

150 2714 208 2778 bus
220 2721 371 2798 pttblicis,
388 2722 549 2800 proconsul
562 2721 699 2783 AElianus
710 2723 747 2782 de
757 2722 823 2784 vrita
839 2723 948 2783 Felicis
967 2722 1087 2802 publice
1103 2741 1186 2803 quae-

151 2825 235 2880 reret
248 2817 304 2900 (6)
321 2818 420 2898 Aquo
436 2838 506 2879 cum
516 2820 621 2881 fuisset
635 2821 717 2880 illius
732 2821 879 2882 declarata
893 2821 1073 2899 innocentia,
1089 2822 1182 2883 Cons-

151 2918 287 3022 lanpinus
301 2917 482 2997 rescriptum
496 2919 587 2995 dedii,
600 2938 660 2999 quo
672 2925 701 2980 et
711 2925 852 3000 purgatos
865 2920 986 2980 omnino
996 2926 1026 2980 et
1035 2920 1187 2982 absolutos

154 3016 349 3080 Caecilianum
357 3025 387 3079 et
396 3019 528 3080 Felicem
536 3021 758 3104 pronuntiabat,
767 3027 797 3082 et
808 3041 929 3102 sperare
943 3041 974 3083 se
986 3022 1102 3085 dicebat
1109 3024 1181 3085 nul-

154 3113 219 3176 lum
226 3117 291 3196 jam
302 3119 365 3178 iore
379 3119 618 3181 contentionibus
629 3124 657 3179 et
668 3120 823 3180 discordiae
837 3119 948 3180 locum.
964 3120 1034 3181 Mox
1046 3140 1117 3182 vero
1131 3142 1185 3184 sae·

154 3213 251 3275 viente
265 3215 364 3276 adhuc
377 3215 408 3274 in
423 3215 524 3276 Africa
533 3216 678 3294 tumultu,
696 3235 752 3277 nec
764 3217 949 3279 cessantibus
962 3211 1139 3280 Donasiistis
1154 3228 1184 3283 et

187 3481 223 3545 (Ι)
241 3481 347 3542 Enseu,
365 3484 436 3535 Hist.
451 3484 522 3542 eccl„
533 3494 562 3545 x,
574 3483 600 3533 s.
614 3483 672 3534 ilaec
683 3482 788 3533 Miltiadi
802 3482 855 3534 sire
871 3483 1005 3536 Melchiadi
1017 3487 1185 3539 urbisiiomae

157 3566 276 3629 episcopo
290 3573 317 3617 et
330 3566 412 3616 Marco
427 3565 527 3616 cuidam
542 3567 629 3630 ignoto
643 3569 708 3628 viro,
723 3566 841 3618 Miltiadis
856 3568 939 3618 iorsao
953 3571 1077 3621 assessori
1088 3577 1115 3622 et
1126 3586 1186 3623 con·

157 3651 252 3701 siliario
267 3651 343 3702 missa
356 3651 463 3713 epistola
478 3651 638 3703 inscribitur.

187 3734 222 3802 (ἒ)
243 3737 334 3798 Optat.
349 3737 453 3796 Milev„
468 3737 540 3788 Gesi.
555 3743 656 3803 purgat.
672 3736 797 3787 Caeciliani
808 3744 834 3788 et
849 3737 948 3789 Felicis.

185 3819 225 3886 (5)
244 3823 307 3873 cod.
326 3823 464 3880 Theodos,
480 3821 525 3872 lib.
539 3834 593 3882 xvi,
610 3823 651 3872 tit.
666 3820 692 3882 i,
707 3821 723 3872 i.
741 3823 765 3872 i.

188 3903 223 3970 (i)
240 3906 267 3956 S.
279 3909 402 3968 iuousr,
419 3907 495 3959 cont.
513 3907 591 3959 Petit.
608 3908 639 3958 de
653 3907 734 3958 unico
754 3908 899 3971 Baptista,
919 3919 976 3971 cap.
992 3916 1044 3956 xvi.
1055 3931 1088 3940 -
1103 3902 1182 3968 Epist.

157 3989 189 4040 45
203 3991 239 4041 od
255 3991 390 4050 Gloriam,
403 3990 507 4054 passim.
1135 4014 1137 4018 ·

189 4074 225 4138 (5)
241 4077 409 4138 Quastioaem
424 4076 456 4128 de
471 4076 554 4127 Felice
577 4081 777 4136 commoverant,
792 4091 824 4128 eo
845 4075 922 4126 modo
940 4087 1016 4139 posse
1030 4064 1184 4123 arbitrantes

156 4157 316 4210 Caecilianum
329 4161 382 4223 jam
397 4167 532 4224 purgatum
547 4159 637 4210 alienis
659 4159 807 4212 criminibus
830 4159 935 4212 irretiri.
957 4157 994 4222 [S.
1016 4157 1090 4215 Ausi,
1108 4155 1184 4205 cont.

58 4252 60 4260 ·
157 4245 294 4297 Donatist.
302 4249 361 4308 post
373 4247 475 4306 colion,
491 4245 533 4295 cn.
545 4241 599 4307 si.)

191 4326 226 4394 (6)
247 4331 337 4394 optat.
353 4331 456 4388 Milia,
472 4328 518 4380 iib.
535 4340 552 4378 1.
