3054 5046
760 561 921 624 ,ω-

324 714 394 756 rum
408 715 443 757 ea
455 697 605 776 corrigere
619 703 648 758 et
662 697 744 776 gravi
766 696 1023 759 animadversione
1044 696 1153 777 punire
1168 695 1354 758 Constantini

324 793 406 853 lilius
425 795 580 872 noluisset,
605 814 673 874 quae
692 814 835 875 expresso
859 795 951 875 patris
969 796 1059 874 jussu
1083 800 1197 875 patrata
1211 795 1350 854 luissent.

323 890 419 951 Testis
432 891 704 971 Theodoretusqui
719 892 878 953 diaconum
893 891 1040 971 Cyrillum
1056 897 1204 952 memorat
1212 891 1354 953 divinitus

322 987 497 1050 instinctum
511 989 642 1069 plurima
654 990 686 1049 in
699 990 852 1068 Phenicia,
869 990 1059 1076 Constantino
1082 989 1261 1069 imperante,
1287 991 1350 1050 fre·

322 1085 400 1164 gisse
415 1087 576 1146 simulacra
590 1085 645 1168 (1).
662 1086 771 1148 Multas
785 1087 876 1166 igitur
890 1107 944 1168 per
954 1087 1085 1166 speciem
1095 1087 1247 1166 religionis
1261 1087 1353 1148 factas

321 1187 395 1244 tunc
407 1184 527 1264 rapinas
540 1184 644 1262 fuisse,
660 1185 771 1246 multas
784 1204 903 1246 eversas
917 1185 1079 1245 numinum
1092 1184 1249 1262 imagines,
1265 1184 1350 1244 mul-

321 1286 367 1342 tos
391 1283 559 1343 sacerdotes
573 1283 765 1344 acerbissime
786 1289 916 1361 vexatoS,
939 1283 1192 1345 verisimillimum
1214 1287 1271 1359 est,
1298 1301 1348 1342 re-

323 1380 458 1440 mittente
472 1380 676 1460 potiusquam
687 1380 813 1459 jubente
834 1381 1038 1458 Constantino,
1053 1381 1106 1460 qui
1119 1399 1155 1441 eo
1169 1380 1250 1459 quod
1264 1384 1349 1458 pate-

321 1483 405 1538 retur
425 1478 561 1557 impune,
585 1478 723 1538 conscius
736 1478 831 1539 videri
845 1484 969 1558 poterat.
985 1479 1045 1540 Sed
1066 1479 1146 1558 quod
1165 1478 1350 1557 privatorum

319 1575 424 1636 vitium
437 1581 493 1654 est,
508 1595 569 1636 non
581 1576 613 1636 id
626 1576 753 1655 principi
771 1581 800 1636 et
820 1577 937 1656 legibus
951 1577 1022 1638 licet
1035 1576 1217 1638 adscribere.
1238 1575 1270 1636 st
1294 1595 1349 1655 pro
1428 1653 1431 1660 .

320 1671 483 1735 immolatis
497 1693 551 1753 per
563 1678 606 1734 tot
623 1693 716 1734 annos
735 1672 904 1734 christianis
924 1675 1038 1753 aliquid
1060 1673 1204 1734 molestiae
1227 1674 1351 1752 paganis

320 1771 523 1833 sacerdotibus
543 1772 706 1850 redditum,
733 1792 794 1832 non
816 1773 886 1832 inde
905 1773 1042 1852 sequitur
1065 1773 1180 1833 bellum
1205 1770 1350 1832 Romanae

319 1870 467 1948 religioni,
488 1868 614 1948 jubente
628 1875 658 1929 et
671 1870 829 1949 instigante
850 1869 1052 1947 Constantino,
1068 1870 1187 1949 publico
1200 1869 1350 1929 indictum

318 1965 422 2026 fuisse.
450 1965 558 2026 Ablata
580 1985 794 2046 nonnusquam
818 1967 989 2044 simulacra,
1016 1984 1169 2046 sacraeque
1199 1966 1349 2026 columnae

318 2069 439 2145 ereptae,
455 2065 545 2125 etiam
561 2071 681 2126 auclore
695 2067 898 2144 Constantino,
912 2067 988 2126 nihil
1003 2066 1096 2144 aliud,
1113 2071 1147 2126 ut
1160 2065 1277 2146 opinor,
1290 2066 1348 2126 nisi

316 2286 375 2352 gula
388 2285 507 2350 sepulcra
519 2285 575 2336 tisri
588 2286 731 2338 rationibus
745 2285 864 2348 interant,
874 2284 1019 2352 investigati
1033 2300 1079 2351 par
1092 2285 1234 2351 prudentia
1246 2292 1297 2337 tuae
1309 2287 1349 2351 ju·

321 2370 427 2422 dicium.
445 2370 541 2421 Eadem
560 2371 735 2434 ellembertus,
751 2371 795 2434 qui
814 2370 970 2435 dissiparunt
990 2372 1030 2421 vel
1052 2379 1170 2423 ornatum
1192 2373 1348 2432 minuerunt,

319 2461 473 2516 tencantur3
491 2462 517 2505 et
531 2457 573 2519 qni
589 2455 671 2520 posita
683 2455 708 2504 in
723 2455 791 2519 agris
804 2457 858 2506 suis
871 2462 1033 2506 monumenta
1045 2456 1123 2507 calcis
1133 2456 1279 2507 rectoribus
1291 2469 1350 2506 ven·

316 2540 444 2600 diderunl‚
459 2553 508 2590 nna
518 2553 576 2590 cum
591 2541 640 2600 bis,
654 2541 698 2604 qui
712 2540 767 2590 ausi
777 2546 837 2590 suut
847 2553 1004 2604 comparare,
1017 2543 1149 2603 quidquid
1162 2542 1234 2591 enim
1248 2541 1348 2602 attinnt

315 2627 451 2689 celasset,
466 2627 592 2677 consino
614 2626 723 2688 piaculo
737 2629 931 2688 comparatur,·
952 2625 999 2676 sed
1020 2627 1055 2675 ita
1075 2633 1104 2675 ut
1123 2624 1155 2675 ab
1174 2632 1284 2689 utroque
1298 2640 1346 2676 una

316 2709 379 2760 libra
396 2709 549 2771 postuletur.
564 2709 614 2760 Sed
628 2708 651 2759 si
672 2723 702 2757 ex
715 2715 842 2773 praecepto
855 2708 969 2772 judicum
983 2714 1146 2758 monumenta
1160 2709 1261 2770 dejecta
1276 2705 1345 2770 suut,

316 2808 348 2845 ne
362 2793 411 2844 sub
425 2796 512 2858 specie
527 2794 633 2857 publicae
646 2794 821 2844 fabricationis
836 2807 909 2857 poena
924 2794 1027 2854 vitetur,
1040 2794 1144 2844 eosdem
1156 2792 1257 2856 judices
1265 2793 1346 2856 jube·

315 2892 372 2929 mus
386 2878 452 2930 hanc
464 2879 569 2929 militam
583 2891 737 2942 agnoscere3
754 2892 810 2928 nam
824 2891 855 2928 er
871 2877 1037 2941 vectigalibus
1049 2878 1089 2927 vel
1103 2877 1160 2928 aliis
1175 2877 1256 2929 titolis
1269 2877 1349 2928 editt-

315 2977 374 3014 care
383 2963 536 3014 debuerunt.
546 2962 618 3026 Quod
630 2963 651 3013 si
666 2963 768 3028 aliquis,
784 2963 890 3013 multam
905 2968 1031 3024 metuens,
1047 2963 1158 3026 sepulcri
1171 2963 1257 3013 ruinas
1272 2969 1346 3013 terrae

315 3049 480 3114 congestione
495 3049 624 3106 celaverit,
639 3053 666 3098 et
680 3061 730 3097 non
745 3048 810 3098 intra
828 3053 951 3098 statutum
966 3048 999 3097 ab
1018 3047 1167 3098 excellentia
1186 3055 1229 3098 tua
1246 3053 1346 3109 tempus

314 3132 449 3183 ronlessus
470 3133 513 3194 sit,
535 3132 567 3181 ab
581 3133 632 3181 alio
656 3132 771 3194 proditus
790 3131 855 3182 duas
874 3132 930 3182 auri
951 3132 1029 3182 libras
1052 3138 1157 3195 cogatur
1175 3132 1279 3182 inferre.
1299 3132 1345 3193 Qui

314 3230 376 3267 vero
387 3217 481 3267 libellis
501 3217 574 3266 dalis
586 3229 604 3266 a
614 3216 788 3280 pontificibus
799 3219 992 3278 impetrarunt,
1007 3221 1039 3268 cl
1053 3217 1238 3277 reparationis
1253 3217 1345 3276 aratia

316 3283 434 3352 labentia
455 3301 577 3363 sepulcre
597 3301 765 3363 deponerent,
784 3301 805 3350 si
829 3313 889 3351 vera
911 3300 1062 3359 docuerunt,
1077 3300 1109 3350 ab
1124 3300 1241 3350 illatione
1261 3299 1346 3348 multe

314 3390 481 3447 separentur:
497 3388 524 3432 at
545 3383 567 3432 si
581 3383 606 3432 in
620 3396 693 3432 usum
709 3384 787 3433 alium
801 3383 924 3447 depositis
942 3383 1015 3434 abusi
1028 3389 1106 3445 suut,
1121 3387 1255 3434 tencantur
1273 3393 1346 3445 poena

314 3469 471 3533 praescripta.
487 3467 540 3517 lloc
555 3467 580 3516 in
596 3472 726 3530 posterum
738 3466 905 3525 observando,
917 3473 946 3516 ιιῑ
959 3468 984 3516 in
995 3466 1133 3517 Provinciis
1148 3467 1260 3516 locorum
1272 3464 1346 3529 judi-

314 3567 374 3615 ces;
389 3556 421 3606 in
441 3555 511 3604 urba
528 3555 613 3604 Rome
627 3564 688 3603 cum
704 3552 878 3616 pontificibus
894 3556 942 3603 ica
963 3553 1088 3604 celsitudo
1106 3553 1347 3614 inspiciebam

313 3641 437 3691 sarturas
456 3638 664 3689 suemrrendum
685 3639 721 3687 sit
740 3638 824 3688 alicui
843 3640 1036 3699 monamento,·
1057 3642 1086 3686 ut
1102 3636 1138 3686 ita
1161 3635 1264 3688 demum
1287 3635 1345 3686 data

315 3725 426 3785 licentia,
442 3729 543 3786 tempus
557 3721 633 3771 etiarn
654 3720 854 3771 consummando
869 3721 941 3785 operi
958 3728 1094 3772 statuatur.
1116 3720 1188 3783 Quod
1210 3721 1233 3771 si
1253 3719 1345 3783 aliquis

314 3818 401 3863 contra
430 3811 586 3861 sanctionem
618 3808 760 3861 clementiae
787 3816 880 3861 nostrae
911 3811 1057 3875 sepulcrum
1088 3811 1197 3860 laesurus
1223 3807 1347 3871 attigerit,

314 3896 403 3961 viginti
414 3895 493 3946 libras
506 3895 561 3944 auri
576 3895 752 3960 largitionibus
766 3896 861 3945 nostris
875 3901 980 3958 cogatur
994 3895 1098 3946 inferre.
1119 3895 1245 3944 Locorum
1260 3898 1345 3942 autem

230 3963 232 3974 ¹
283 4022 288 4027 .
311 3981 413 4048 judicos
433 3982 455 4031 si
476 3980 530 4030 haec
543 3979 682 4030 observare
696 3979 864 4044 neglexerint,
879 3963 930 4030 n'on
945 3981 1028 4030 minus
1043 3985 1102 4030 nota
1117 3992 1192 4044 quam
1207 3982 1303 4028 statuta
1319 3977 1344 4026 iu

313 4066 488 4134 sepulcrorum
499 4065 635 4115 violatores
647 4077 720 4128 poena
732 4069 872 4130 grassetur.
885 4083 898 4110 ι
909 4091 940 4101 -
954 4065 1009 4116 Dat.
1021 4065 1051 4114 V.
1067 4064 1122 4114 Kal.
1136 4061 1214 4127 April.
1231 4061 1346 4111 limenio

280 4139 1343 4222 'ummmmmmmmmmmmmstm

314 4240 396 4304 legem
407 4237 538 4290 Constanti
550 4233 732 4294 Gotholrcdns‚
747 4234 895 4286 Constantio
909 4233 1064 4300 Biiclringius
1078 4231 1210 4284 adscribit.

351 4320 385 4388 (t)
402 4319 550 4384 Turonos,
565 4319 752 4382 Hist.eccles.,
767 4330 806 4382 ιιι,
821 4318 847 4371 6.
