3054 5046
754 541 917 604 ηρ..

323 677 500 761 superstites
506 697 600 759 quam
609 679 705 742 neoati
715 677 838 756 fuerint,
847 696 903 740 noo
913 676 1133 756 facileintelligi
1143 676 1247 758 possit,
1256 697 1355 760 neque

323 778 361 840 ab
372 779 434 838 ullo
444 796 549 838 rerum
558 781 679 838 auctore
688 776 844 854 traditum,
855 775 1038 837 immensam
1047 767 1209 837 hominum
1220 776 1356 838 multitu·

324 875 426 936 dinem
440 877 511 954 fuga
524 874 612 936 saluti
625 874 825 951 consuluisse,
837 893 960 935 neeesse
974 878 1030 951 est,
1043 877 1077 933 ut
1095 878 1148 934 aut
1159 873 1356 936 christianum

324 975 433 1054 vulgus
447 975 619 1053 neglectum
636 972 738 1050 fuerit,
754 976 785 1034 et
797 971 835 1033 ad
848 972 927 1033 solos
937 971 1030 1032 duces
1049 975 1079 1032 et
1091 971 1237 1050 praesides
1256 978 1355 1050 seotae,

285 1081 287 1085 '
324 1079 359 1134 ut
380 1072 597 1153 appellabatur,
614 1071 832 1150 imperatorum
842 1071 929 1149 jussa
946 1070 1162 1150 spectaverint3
1183 1077 1236 1132 aut
1258 1071 1358 1133 verbis

323 1177 453 1249 tantum,
469 1191 530 1232 non
543 1170 651 1250 reipsa
662 1168 803 1232 uniterso
817 1169 1048 1230 christianorum
1065 1171 1182 1250 corpori
1201 1170 1297 1232 edicta
1309 1170 1358 1231 in-

325 1267 495 1331 cubuerint.
513 1267 670 1329 Gibbonus
682 1269 793 1328 harum
800 1286 906 1329 rerum
913 1267 1040 1347 scriptor
1047 1286 1085 1328 ex
1091 1268 1243 1328 Actorum
1251 1274 1281 1329 et
1290 1269 1355 1330 Eu·

326 1368 456 1430 sebianae
476 1367 607 1428 historiae
625 1366 811 1445 recensione,
833 1367 922 1447 paulo
943 1362 1046 1426 miuus
1065 1385 1158 1446 quam
1180 1367 1240 1428 duo
1263 1367 1358 1430 millia
1451 1378 1456 1386 ’

325 1471 495 1546 martyrum
507 1466 587 1527 intra
600 1465 705 1526 decem
719 1466 775 1526 hos
787 1484 882 1526 annos
896 1465 990 1525 fuisse
1009 1464 1107 1526 ooeisa
1120 1465 1232 1544 colligit
1243 1463 1300 1547 (l).
1319 1467 1359 1527 At

327 1585 451 1628 neeesse
459 1569 515 1643 est,
525 1565 592 1625 utis
600 1583 748 1648 numerus
755 1584 810 1644 pro
818 1569 898 1624 certo
907 1563 1065 1641 habeatur,
1073 1564 1210 1624 omnium
1220 1583 1357 1644 prorsus,

327 1664 381 1743 qui
395 1664 508 1744 ubique
525 1663 662 1743 gentium
681 1663 861 1742 martyrium
874 1662 955 1742 passi
968 1667 1051 1741 sunt,
1068 1661 1100 1722 in
1113 1663 1198 1723 Actis
1215 1668 1267 1724 aut
1280 1666 1360 1744 apud

329 1761 498 1824 Eusebium
513 1762 699 1822 mentionem
713 1761 806 1822 fuisse
820 1761 939 1837 laetam,
955 1760 1038 1839 quod
1052 1778 1142 1820 nemo
1158 1761 1259 1821 forsan
1275 1763 1360 1823 facile

329 1860 481 1920 eoncedet.
497 1859 672 1920 Dodwellus
678 1858 710 1918 in
716 1858 890 1938 Cyprianiea
898 1856 1104 1918 dissertatione
1112 1875 1180 1937 quae
1187 1857 1361 1920 inscribitur

331 1957 377 2018 De
387 1959 552 2036 paucitate
561 1957 754 2035 Martyrum,
771 1956 872 2018 habita
885 1956 1042 2035 diligenter
1051 1961 1224 2036 temporum
1234 1957 1359 2037 ratione,

328 2055 455 2135 aliisque
470 2053 562 2114 rebus
576 2053 730 2115 nonnullis
744 2053 861 2142 curiose
875 2054 1050 2139 perspectis,
1069 2054 1133 2116 fere
1146 2053 1229 2116 idem
1247 2056 1358 2118 statuit.

368 2154 403 2214 Id
425 2158 555 2231 tantum,
580 2172 648 2214 mea
671 2153 796 2233 quidem
819 2153 977 2230 sententia,
1001 2171 1056 2234 pro
1079 2157 1231 2233 comperto
1256 2152 1362 2216 haberi

326 2255 397 2334 jure
416 2259 538 2333 potest:
564 2273 620 2316 neo
644 2253 770 2333 uquue,
795 2273 852 2315 neo
873 2254 937 2316 sine
956 2253 1190 2332 intermissione,
1215 2271 1272 2316 nee
1296 2253 1361 2334 pari

330 2350 452 2428 saevitia,
477 2369 533 2412 neo
553 2351 585 2412 in
608 2350 765 2412 universos
788 2355 877 2430 atque
907 2351 1005 2412 omnis
1030 2352 1144 2414 ordinis
1171 2349 1359 2429 christianos,

332 2449 470 2528 quemvis
483 2449 524 2511 ita
537 2449 643 2511 fuisset
654 2449 797 2527 edietum,
809 2448 846 2510 ab
859 2468 938 2510 anno
952 2449 1070 2511 CCCIII
1084 2468 1181 2529 usque
1195 2449 1233 2510 ad
1247 2467 1362 2532 annum

332 2548 488 2628 CCCXIII,
505 2568 565 2630 quo
574 2569 633 2631 pax
650 2554 680 2611 et
697 2549 822 2611 libertos
837 2549 1016 2627 christianb,
1031 2553 1098 2630 post
1106 2553 1149 2613 tot
1159 2553 1189 2612 et
1202 2553 1283 2614 tanta
1292 2568 1361 2612 oer-·

330 2647 443 2710 tamina
455 2649 599 2730 obtigere,
614 2668 648 2710 re
661 2647 727 2729 ipsa
740 2649 834 2710 fuisse
847 2648 1101 2712 animadversum.

291 2815 293 2821 ,
371 2745 534 2821 Quidvero
548 2746 693 2826 Martyres
714 2752 887 2827 computare
908 2745 1024 2808 refert?
1047 2745 1192 2808 Libanius
1213 2764 1285 2808 sane
1305 2745 1361 2808 ha·

332 2862 404 2905 rum
430 2843 647 2923 tragoediarum
669 2845 733 2906 fere
760 2845 856 2922 testis,
886 2863 942 2905 nee
970 2843 1183 2926 benevolentiae
1203 2844 1364 2905 adversum

331 2942 508 3002 christianos
517 2947 687 3022 suspectus,
702 2940 782 3004 clare
790 2942 901 3003 indicat
914 2936 1027 3002 multos
1040 2942 1098 3003 sub
1112 2942 1161 3020 iis,
1173 2943 1226 3023 qui
1236 2947 1304 3017 ante
1313 2943 1364 3004 Ju-

332 3038 450 3098 lianum
463 3055 568 3099 rerum
582 3037 783 3118 potiebantur,
799 3038 837 3100 ob
850 3038 882 3099 id
894 3057 992 3100 unum
1002 3039 1085 3119 quod
1099 3043 1184 3101 erant
1197 3037 1362 3118 christiani,

334 3135 495 3198 novissima
504 3137 643 3218 exempla
654 3155 758 3217 pessos
769 3137 823 3222 (ἲ).

371 3233 429 3294 Vix
444 3235 544 3316 elapso
559 3240 626 3316 post
639 3235 744 3297 datum
756 3235 939 3298 Nicomediae
953 3235 1086 3298 edictum
1099 3233 1232 3318 biennio,
1249 3233 1364 3298 Diocle·

224 3369 227 3374 ·
333 3333 433 3394 tianus
453 3333 586 3414 deposita
603 3353 739 3416 purpura
752 3354 785 3396 se
803 3341 908 3415 sponte
928 3355 984 3398 sua
1003 3335 1036 3398 iu
1055 3335 1205 3416 privatum
1227 3336 1363 3398 ordInem

333 3432 459 3512 redegit,
478 3452 557 3512 aegre
573 3433 674 3495 ferens
694 3439 785 3513 oerte,
804 3435 897 3514 quod,
913 3440 1028 3496 utente
1048 3440 1257 3516 praesenserat,
1275 3441 1363 3496 terrae

335 3527 416 3590 orbis
432 3521 661 3610 inquietaretur,
673 3533 815 3612 quodque
829 3533 957 3611 ferrum,
974 3552 1035 3612 quo
1051 3551 1163 3611 proves
1173 3533 1283 3594 Perseo
1296 3551 1362 3593 me·

337 3629 399 3689 lius
408 3635 577 3707 perissent,
590 3630 622 3690 in
636 3650 776 3710 magnam
791 3630 901 3692 civium
915 3637 1031 3712 partem
1049 3637 1257 3694 exacueretur.
1276 3631 1365 3692 Sexto

337 3730 404 3806 post
412 3725 629 3788 abdicationem
639 3746 716 3789 anno
723 3727 769 3810 (3)
779 3728 918 3791 Galerius
927 3729 1083 3810 Augustus
1093 3727 1251 3791 insanabili
1260 3729 1366 3790 morbo

369 3957 405 4028 (l)
421 3961 542 4012 Histoire
563 3962 595 4012 de
618 3962 646 4012 la
668 3959 812 4034 mandente
832 3964 864 4015 de
886 3963 1006 4028 I’emptre
1027 3965 1148 4021 romain,
1170 3961 1234 4015 edit.
1256 3963 1367 4023 Gurzor,

337 4052 401 4097 tom.
416 4045 459 4109 III,
475 4059 500 4109 p.
516 4044 563 4096 ast
580 4053 607 4097 et
621 4046 685 4098 suiv.

370 4144 407 4213 (ἓ)
423 4145 545 4220 manuus
564 4137 698 4211 (επιτάφιος
718 4137 758 4192 ἐπὶ
775 4145 810 4212 τῷ
829 4122 965 4213 levitate),
988 4149 1110 4202 Fotrtm
1129 4149 1259 4203 Bitttott.
1278 4161 1369 4212 pree„

336 4229 399 4282 torn.
414 4231 468 4292 VII,
483 4245 511 4296 p.
524 4229 583 4281 ⁰284.
839 4248 840 4252 ¹

372 4313 408 4380 (5)
425 4314 508 4367 Pridie
522 4314 644 4368 kalendas
657 4315 761 4370 martias
775 4315 816 4384 (30
830 4313 902 4384 avril)
916 4317 976 4370 anni
989 4318 1050 4370 311.
1099 4391 1103 4396 Ι
