3054 5046
770 562 923 628 „84-

385 697 429 761 De
443 699 509 762 aliis
523 699 709 762 Constantini
722 701 840 780 legibus
853 701 930 762 alius
942 700 1060 780 viderit,
1075 701 1101 762 si
1114 700 1283 763 christianae
1299 701 1371 764 doc·

344 797 431 859 trinae
445 799 544 878 reipsa
558 798 679 860 omnino
693 805 899 860 consentaneae
913 799 981 861 sint.
1000 799 1036 860 In
1054 800 1153 861 codice
1166 800 1372 862 Theodosiano

344 897 448 957 multae
459 901 609 976 suntquas
619 898 788 958 communis
798 897 1059 979 utilitatisprovide
1070 903 1100 958 et
1109 897 1373 959 salubriterhabita

344 995 419 1056 ratio
432 995 574 1073 dictasse,
594 994 659 1056 aliae
674 1014 749 1073 quas
763 995 931 1074 benignitas
945 1001 975 1056 et
989 995 1146 1056 clementia
1161 1001 1191 1055 et
1204 996 1330 1074 aequitas
1344 1002 1374 1057 et

344 1093 551 1154 sanctissimus
565 1093 759 1153 humanitatis
772 1098 927 1174 respectus
941 1093 1082 1171 suasisse,
1094 1099 1124 1154 et
1133 1113 1171 1154 ex
1187 1093 1287 1153 animo
1301 1093 1373 1154 oriri
1451 1143 1453 1150 ,

343 1209 414 1250 vere
427 1190 589 1251 christiano
608 1189 775 1250 videantur.
795 1190 957 1251 Nonnullae
972 1194 1053 1268 sunt,
1069 1209 1137 1269 quae
1148 1209 1209 1251 non
1228 1189 1303 1268 stylo
1320 1190 1374 1250 sed

342 1288 482 1368 pugionis
496 1307 641 1349 mucrone
657 1288 775 1367 scriptae
789 1286 847 1348 dici
862 1287 995 1368 possint;
1008 1287 1073 1348 aliae
1088 1287 1219 1366 denique
1232 1307 1302 1366 quae
1316 1306 1371 1368 pa·

340 1405 454 1464 ganum
469 1387 606 1447 animum
614 1392 643 1447 et
649 1392 787 1447 veterum
797 1385 934 1447 moribus
947 1385 1111 1462 addictum,
1125 1385 1172 1446 vel
1181 1385 1302 1466 penitus
1315 1384 1373 1444 im-

340 1481 450 1544 butum
464 1481 619 1545 redoleant
626 1481 682 1565 (i).

380 1581 446 1642 Uno
462 1581 553 1644 verbo
573 1580 667 1642 sicui
690 1581 819 1642 otiosum
839 1587 918 1642 esset
933 1580 1246 1642 Constantinianarum
1268 1581 1377 1659 legum-

340 1697 504 1757 summam,
522 1684 600 1740 'curn
623 1679 660 1738 iis
682 1697 758 1757 quas
777 1679 924 1758 Trajanus
946 1679 993 1739 vel
1018 1678 1188 1739 Antoninus
1211 1677 1300 1756 Pius,
1325 1678 1373 1738 vel

340 1775 461 1837 Marcus
482 1777 627 1838 Aurelius
649 1783 814 1838 sanxerunt
842 1778 979 1838 conferre
998 1777 1065 1857 (has
1085 1782 1165 1838 certe
1184 1776 1372 1838 Constantini

340 1875 455 1956 excipio
469 1894 537 1954 quae
555 1877 594 1937 ad
613 1895 680 1937 rem
696 1875 889 1936 christianam
904 1873 1073 1954 specialiter
1086 1871 1222 1954 attinent)
1238 1874 1373 1934 incertus

339 1972 441 2033 forsan
460 1973 623 2050 haesitaret,
648 1973 708 2034 utri
731 1973 842 2033 horum
866 1971 1038 2053 principum
1058 1970 1211 2032 christiani
1241 1970 1373 2032 nominis

340 2069 436 2130 honos
450 2075 530 2131 esset
542 2071 649 2132 merito
663 2070 883 2132 concedendus.
977 2151 979 2156 Ι

373 2294 410 2360 (t)
428 2293 485 2344 th.
500 2293 611 2358 exempl.
629 2300 695 2359 grat.
714 2295 775 2347 cod.
793 2294 902 2354 Theoti„
921 2305 959 2356 rx,
976 2301 994 2345 t.
1016 2293 1068 2356 7,1.
1086 2295 1118 2356 t;
1134 2302 1155 2345 t.
1170 2295 1196 2356 9,
1211 2294 1230 2345 l.
1244 2295 1253 2344 t
1268 2307 1277 2358 ς
1293 2301 1313 2346 t.
1329 2294 1370 2360 ta,

338 2379 359 2429 1.
375 2379 407 2441 23
424 2379 501 2442 tin,
517 2384 536 2430 t.
553 2380 579 2441 1,
594 2377 612 2430 t.
624 2380 651 2430 6.
