3054 5046
776 523 937 588 -50-

343 662 437 744 oripto
448 661 584 722 concludi
598 679 685 741 posse
698 659 837 722 arbitror.
855 661 935 732 Quid
953 663 1034 723 enim
1056 662 1112 723 sibi
1129 663 1193 724 vult
1205 665 1286 726 aedes
1300 667 1367 746 illa,

344 760 536 823 Constantino
548 764 687 836 auctore,
702 758 782 836 genti
802 758 911 818 Flaviae
926 760 1118 822 consecrata?
1132 760 1214 820 Num
1228 763 1366 826 christia-

342 879 418 922 num
445 857 589 918 sacellum
612 862 691 934 erat,
717 858 755 918 ad
782 857 1013 918 christianorum
1038 877 1143 937 preces
1169 860 1368 924 dedicatum?
1390 869 1393 876 ’

344 956 475 1028 Quinam
487 954 533 1014 illi
549 951 579 1015 et
595 954 627 1014 in
641 954 749 1015 Tuscia
769 960 799 1014 et
815 955 847 1015 in
864 954 990 1016 Umbria
1002 974 1063 1032 per
1076 975 1239 1018 annorum
1253 961 1369 1034 vicera

338 1055 458 1132 populo
478 1056 577 1114 creati
596 1053 796 1113 sacerdotes?
814 1053 896 1112 Num
916 1059 946 1113 et
968 1054 1120 1114 christiani
1137 1063 1239 1134 erant,
1265 1063 1295 1118 et
1318 1059 1369 1137 qui

341 1153 466 1214 scenicis
484 1152 577 1229 ludis,
595 1151 787 1230 cruentisque
800 1150 1000 1229 gladiatorum
1018 1154 1208 1232 spectaculis,
1225 1174 1263 1215 ex
1273 1156 1369 1234 prisca

341 1251 557 1312 consuetudine
580 1256 743 1329 praeerant,
772 1249 864 1309 iidem
884 1249 1045 1312 christiana
1065 1252 1243 1313 exercebant
1263 1255 1368 1318 sacra?
1480 1241 1482 1246 ¹

340 1348 464 1409 Minime
477 1353 575 1424 certe,
591 1353 620 1408 et
629 1347 767 1426 quamvis
776 1366 836 1407 non
847 1347 918 1406 satis
930 1354 1045 1410 constet
1058 1368 1134 1428 quas
1144 1351 1370 1429 superstitiones

340 1466 482 1510 exercere
496 1452 684 1524 vetarentur,
703 1464 764 1506 non
781 1445 909 1506 dubium
924 1453 1103 1525 esttamen,
1122 1449 1196 1527 quin
1218 1455 1247 1509 et
1263 1452 1370 1529 pagani

339 1547 463 1623 tuerint,
481 1550 511 1606 et
523 1543 600 1604 ritus
616 1543 732 1622 aliquos
747 1561 888 1622 paganos,
907 1543 939 1603 in
956 1545 1020 1605 aede
1041 1564 1155 1624 pagana
1166 1548 1367 1608 tractaverint.

338 1645 403 1704 Hoc
416 1646 536 1720 fanum,
559 1642 591 1702 hi
610 1642 792 1718 sacerdotes,
808 1642 957 1720 ejusdem,
973 1649 1110 1722 utputo,
1129 1644 1248 1721 generis
1269 1652 1368 1724 erant,

317 1746 321 1752 '
337 1747 426 1825 eujus
439 1746 559 1805 inerant
572 1744 644 1804 olim
653 1743 802 1822 templum
813 1749 843 1803 et
852 1744 1052 1804 sacerdotium
1059 1745 1164 1804 Romae
1175 1749 1204 1804 et
1213 1745 1245 1804 in
1257 1746 1368 1824 Africa,

336 1849 411 1905 teste
425 1844 514 1904 Sexto
527 1842 650 1902 Aurelio
664 1841 794 1919 Victore,
817 1841 1020 1920 Constantino,
1037 1848 1104 1922 post
1115 1843 1228 1904 victum
1244 1844 1370 1906 Maxen-

340 1941 430 2018 tium,
449 1941 578 2001 decreta.
1304 1991 1306 1996 .

382 2039 523 2098 Attamen
537 2036 676 2115 quamvis
696 2036 908 2097 Constantinus
929 2036 970 2098 ita
989 2043 1162 2116 temporum
1181 2044 1211 2098 et
1228 2039 1371 2100 humanae

338 2143 454 2198 naturae
467 2153 580 2214 gnarus
594 2140 690 2212 esset,
712 2140 746 2194 ut
763 2135 902 2214 antiquos
915 2136 992 2195 ritus
1006 2135 1147 2196 omnibus
1161 2155 1254 2216 prope
1270 2138 1368 2198 civili-

266 2223 269 2230 ’
339 2235 398 2296 bus
410 2234 502 2295 rebus
517 2234 626 2293 nrixtos
642 2239 672 2293 et
690 2252 709 2294 a
727 2233 880 2312 plerisque
900 2234 999 2293 adhuc
1016 2240 1183 2295 asservatos
1197 2235 1322 2296 decreto
1343 2243 1372 2297 et

339 2335 426 2414 quasi
444 2333 535 2394 unius
549 2333 624 2411 legis
638 2333 700 2393 ictu
717 2333 809 2392 everti
823 2352 884 2392 non
898 2352 985 2412 posse
1000 2333 1110 2413 optime
1125 2334 1224 2410 sciret,
1239 2353 1301 2394 non
1316 2335 1374 2396 sibi

338 2433 395 2514 ipsi
409 2433 483 2493 adeo
501 2432 697 2512 temperabat,
712 2437 746 2491 ut
766 2433 881 2491 irrisor
896 2430 941 2512 (1)
954 2432 1104 2511 princeps,
1125 2433 1265 2511 pietatem
1279 2452 1371 2513 quarn

339 2533 440 2593 animo
453 2551 513 2593 non
531 2531 729 2611 profitebatur
744 2531 910 2590 simularet.
928 2530 1015 2590 Anno
1030 2531 1101 2608 336,
1117 2532 1221 2591 Romae
1237 2532 1369 2611 degens,

340 2653 437 2714 quum
460 2633 536 2692 forte
553 2636 675 2711 propter
691 2628 874 2705 Vicennalia,
895 2648 964 2708 quae
990 2648 1069 2691 anno
1083 2631 1239 2709 superiore
1260 2631 1372 2695 Nicaeae

341 2733 490 2795 celebrata
513 2733 649 2808 fuerant,
672 2731 809 2790 cohortes
832 2729 866 2788 in
885 2729 1080 2808 Capitolium,
1106 2730 1244 2790 sacrificii
1266 2751 1370 2812 causa,

341 2837 442 2894 essent
460 2829 656 2905 deducenda,
675 2847 724 2888 res
734 2833 772 2887 ex'
786 2846 870 2887 more
889 2832 1007 2906 peracta
1020 2833 1065 2888 est
1085 2826 1142 2909 (2),
1158 2834 1187 2889 at
1205 2847 1265 2889 non
1284 2832 1373 2892 modo

342 2948 404 2990 non
423 2931 576 3007 praeeunte
598 2925 801 3001 Constantino,
820 2924 976 2985 sedetiam
994 2945 1135 3005 pompam
1152 2927 1284 3005 apertius
1297 2929 1370 2989 irri-

342 3029 442 3107 dente.
464 3024 556 3085 Aliud
570 3030 616 3084 est
629 3028 730 3084 autem
749 3041 767 3082 a
784 3021 878 3082 sacris
890 3021 1055 3100 abstinere,
1071 3022 1152 3084 aliud
1169 3023 1277 3102 jubere
1287 3031 1321 3085 ut
1336 3027 1372 3086 ab

342 3127 379 3187 iis
395 3143 500 3186 omnes
513 3123 693 3200 abstineant,
709 3140 766 3182 neo
783 3120 823 3197 is,
840 3120 892 3200 qui
908 3121 1021 3201 templa
1035 3122 1218 3201 perficienda
1233 3124 1370 3201 curabat,
1398 3137 1408 3151 ·

343 3223 455 3302 etipse
474 3219 649 3282 observabat
665 3237 703 3279 ne
724 3218 797 3298 quid
816 3218 980 3279 inhumane
999 3225 1051 3280 aut
1075 3218 1295 3297 fraudulenter,
1316 3222 1372 3281 sub

343 3319 496 3400 religionis
515 3318 625 3397 specie,
636 3317 668 3377 in
681 3317 796 3377 occulto
816 3316 918 3393 fieret,
939 3315 976 3376 de
990 3316 1135 3377 abolenda
1154 3317 1273 3397 penitus
1290 3318 1370 3398 pris-

343 3419 405 3479 tina
419 3417 562 3496 religione
580 3415 708 3495 cogitare
719 3414 887 3475 videbatur.
902 3414 943 3474 At
959 3433 994 3474 eo
1009 3415 1089 3493 quod
1105 3415 1138 3475 in
1151 3415 1250 3476 media
1264 3417 1373 3478 solem·

343 3517 443 3578 nitatis
466 3534 576 3596 pompa
597 3533 658 3574 non
683 3514 845 3589 viseretur,
867 3512 1055 3590 christianis,
1082 3518 1116 3573 ut
1137 3513 1276 3593 conjicio,
1301 3535 1372 3576 eum

340 3615 457 3695 jamdiu
472 3635 564 3675 suum
577 3633 643 3675 esse
665 3618 695 3674 et
707 3612 816 3674 veteris
835 3611 979 3672 idolatriae
993 3631 1164 3692 eversorem
1179 3613 1369 3692 predicanti-

341 3714 415 3791 bus,
431 3715 636 3774 institutorum
650 3711 787 3790 priorum
803 3715 832 3770 et
848 3710 999 3789 majorum
1019 3711 1171 3790 religionis
1196 3715 1249 3772 aut
1273 3713 1370 3792 negli-

342 3831 416 3894 gens
433 3818 485 3873 aut
501 3815 687 3890 contemptor
700 3809 877 3870 manifestus
891 3809 1062 3889 apparebat.

382 3912 530 3978 Exarsere
540 3909 644 3985 animi,
657 3913 686 3967 et
695 3925 730 3967 ea
743 3906 806 3966 sola
816 3925 909 3985 quarn
918 3906 1051 3967 habuere
1061 3906 1093 3966 in
1106 3906 1273 3987 principem
1282 3907 1372 3968 liber-

340 4015 400 4072 tate
413 4008 514 4087 abusi,
526 4025 631 4070 omnes
644 4005 783 4067 conviciis
801 4009 831 4066 et
844 4003 1068 4066 contumeliosis
1080 4003 1181 4066 verbis
1199 4005 1368 4068 Constanti·

373 4232 409 4303 (t)
427 4237 525 4285 Avari.
539 4231 647 4292 Vterer,
663 4230 724 4294 epit.
740 4230 783 4280 tt.
1401 4251 1403 4256 ·

370 4317 406 4386 (a)
424 4317 481 4369 vid.
494 4317 520 4369 in
536 4317 601 4370 cod.
623 4317 749 4368 Theodor.
764 4313 820 4378 nib.
835 4322 882 4375 xv,
895 4312 937 4363 tit.
956 4313 981 4375 t,
1002 4311 1020 4364 1.
1035 4312 1059 4376 5)
1079 4309 1230 4367 &mehedt
1245 4313 1367 4368 notulam.
