3054 5046
565 677 723 788 rins
761 581 1128 788 PllS'llllllllll.

352 935 512 1002 QUALEM
534 935 577 993 SE
604 935 794 994 GEssttltlr
818 935 1120 993 consultamus
1145 898 1347 994 ADVERSUS¹

249 1031 251 1035 ’
712 1023 986 1082 ClllllS'llANOS.

554 1293 557 1300 ’
622 1294 1075 1344 W

751 1605 883 1686 cleti
918 1604 941 1683 Ι.

483 1829 517 1884 ll>
533 1821 617 1884 edicto
626 1827 684 1884 indo
699 1786 873 1882 doliolanensl
886 1826 917 1881 al
932 1827 1072 1882 defunctum
1084 1826 1213 1882 ttotntnm.

773 2019 925 2089 (ars-sm.)

762 2235 935 2254 *-

375 2441 481 2505 Crucis
493 2442 610 2523 effigies
623 2461 677 2523 pro
691 2443 799 2504 vexillo
813 2442 935 2504 militari
949 2447 1017 2504 ante
1032 2444 1172 2523 praelium
1185 2444 1224 2504 ad
1244 2451 1366 2524 pontem

336 2541 472 2602 Milvium
503 2547 676 2604 consertum
705 2542 816 2620 habita,
847 2547 877 2602 et
905 2547 972 2621 post
1001 2542 1186 2603 Constantini
1214 2543 1367 2604 victoriam

333 2641 426 2719 hastae
441 2640 576 2720 praefixa,
592 2660 685 2721 quam
698 2640 826 2720 positam
839 2640 943 2700 Romae
957 2639 1076 2700 victoris
1090 2646 1219 2702 statuam
1233 2642 1366 2703 tenuisse

336 2738 488 2801 Eusebius
501 2740 605 2817 refert,
615 2759 676 2800 non
685 2737 838 2818 religionis
849 2742 982 2816 mutatae,
992 2738 1045 2797 sed
1056 2738 1131 2799 datae
1140 2739 1263 2800 tandem
1272 2741 1367 2800 chris·

336 2843 424 2905 tianis
447 2829 592 2904 libertatis
612 2843 721 2923 pignus
744 2846 773 2902 et
793 2842 922 2922 publicet
944 2841 1025 2922 pacis
1045 2843 1189 2904 indicium
1213 2849 1286 2904 erat.
1303 2845 1367 2906 Neo

337 2942 420 3004 aliud
434 2943 647 3004 Constantinus
661 2941 855 3020 Liciniusque
867 2941 1026 3002 Mediolani
1040 2948 1215 3020 sanxerunt,
1230 2962 1322 3022 quam
1333 2950 1368 3004 ut

254 3081 255 3084 =
337 3046 467 3126 quisque
481 3047 513 3106 in
527 3045 651 3108 colendo
662 3045 788 3106 numine
802 3046 890 3126 plena
899 3045 1035 3107 libertate
1050 3047 1213 3126 frueretur,
1230 3054 1259 3109 et
1269 3048 1367 3108 chris-

337 3143 421 3221 tiani,
441 3144 474 3204 in
495 3144 643 3205 civitatem
664 3142 768 3204 adsciti
790 3147 820 3202 et
838 3144 993 3204 communi
1007 3145 1078 3224 jure
1094 3145 1204 3224 donati,
1222 3146 1367 3206 solemnia

338 3246 374 3302 ut
391 3241 502 3304 vellent
525 3241 689 3319 celebrare,
710 3259 834 3321 quassas
853 3247 905 3301 aut
923 3261 1042 3302 eversas
1060 3243 1140 3304 aedes
1153 3243 1299 3304 resarcire
1316 3248 1369 3304 aut

338 3358 430 3400 novas
444 3338 594 3400 aedificare
608 3343 740 3419 possent,
757 3343 786 3398 et
800 3337 897 3399 ablata
910 3337 988 3399 hona
1002 3358 1020 3400 a
1034 3339 1106 3400 fisco
1121 3360 1203 3400 seua
1217 3359 1369 3420 possesso·

340 3436 436 3515 ribuS,
452 3437 519 3496 data
534 3435 740 3513 indemnitate,
761 3434 939 3514 reciperent.
959 3437 1138 3498 Humanitas
1152 3442 1180 3498 et
1190 3437 1317 3516 justitia,
1338 3444 1369 3498 et

340 3535 455 3615 aequior
468 3532 602 3594 utilitatis
616 3540 646 3594 et
656 3534 735 3613 juris
745 3533 986 3614 uniuscujusque
999 3541 1165 3616 respectus,
1174 3535 1367 3597 etfirmandae

338 3633 467 3715 publicae
489 3631 712 3712 tranquillitatis
733 3630 907 3711 dissidiique
931 3633 1001 3713 plus
1024 3654 1116 3713 quam
1136 3634 1229 3695 civilis
1253 3635 1364 3695 restin-

339 3731 451 3811 guendi
464 3730 610 3808 studium,
625 3750 686 3790 non
698 3731 829 3808 animus,
841 3736 876 3790 ut
889 3737 972 3810 puto,
989 3732 1169 3793 christianus
1178 3733 1277 3811 legem
1290 3734 1367 3794 hanc

340 3833 510 3908 dictaverat,
526 3849 618 3909 quam
632 3834 716 3908 grata
728 3828 760 3889 in
775 3829 1004 3890 Constantinum
1018 3831 1250 3892 christianorum
1263 3832 1367 3893 volun-

337 3937 384 3992 tas
398 3928 525 4010 principi
536 3929 601 4007 jam
613 3919 860 3988 christianissimo
875 3928 1071 3990 adscribebat.

378 4029 560 4107 Quanquam
574 4031 676 4086 autem
691 4027 747 4086 hoc
761 4025 856 4085 edicto
871 4026 1082 4088 Constantinus
1088 4029 1221 4108 jusserat
1231 4033 1264 4088 ut
1274 4028 1366 4088 chris-

333 4129 414 4190 tiana
434 4125 539 4204 religio
568 4125 616 4184 sui
640 4123 719 4203 juris
748 4123 845 4200 lieret,
872 4143 931 4184 non
961 4124 1031 4186 inde
1062 4125 1199 4206 sequitur
1231 4146 1299 4187 eam
1328 4125 1365 4187 ab

334 4225 417 4286 omni
431 4243 487 4287 sua
501 4222 611 4284 ditione
625 4221 755 4282 alienam
769 4221 998 4282 Constantinum
1011 4223 1127 4306 fecisse.
1149 4224 1269 4284 Summi
1282 4225 1363 4286 Pon-

331 4324 420 4385 tificis
439 4325 545 4400 honos,
566 4322 654 4400 cujus
675 4321 871 4400 imperatores
889 4340 960 4381 cum
982 4321 1150 4404 principatu
1163 4323 1362 4403 potiebantur,
