3054 5046
608 531 770 620 -ro-

172 667 204 727 in
215 671 352 728 veterem
366 665 612 741 observantiam,
629 670 663 725 ut
676 665 740 745 ipse
754 665 787 725 in
806 664 912 726 Codice
926 665 1130 730 Theodosiano
1153 671 1199 731 lo·

172 765 288 846 quitur,
305 765 343 826 ab
358 764 453 826 edicto
466 763 681 826 Mediolanensi
695 783 792 844 usque
805 765 843 827 ad
857 765 963 826 Licinii
983 773 1112 828 mortem
1136 787 1202 848 ges-

172 864 255 925 serit.

210 962 278 1023 Jam
294 981 376 1021 nunc
396 981 450 1041 pro
471 981 611 1023 concesso
631 962 780 1022 habemus
795 962 1023 1024 Constantinum
1044 984 1201 1044 quaecum-

171 1079 231 1140 que
246 1060 284 1120 de
299 1059 449 1120 divinitate
472 1060 596 1121 sentiret
609 1060 696 1141 (quid
718 1061 779 1120 imo
793 1061 883 1121 corde
906 1062 995 1122 lateat
1017 1062 1099 1123 Deus
1121 1083 1202 1124 unus

171 1155 263 1238 novit)
278 1157 340 1217 sive
349 1156 381 1216 in
395 1157 572 1218 christianos
586 1176 753 1236 eorumque
779 1159 944 1219 doctrinam
958 1159 1125 1238 inclinaret,
1141 1161 1202 1222 sive

170 1255 271 1314 cultus
286 1253 383 1314 omnis
398 1272 484 1332 aeque
499 1255 670 1334 incuriosus
684 1260 713 1315 et
727 1257 816 1316 homo
829 1257 945 1317 nullius
966 1257 1130 1336 religionis
1153 1259 1201 1319 ni-

170 1351 211 1412 hil
228 1353 327 1412 adhuc
341 1352 378 1412 de
392 1371 428 1412 ea
441 1371 473 1413 re
489 1353 521 1412 in
535 1352 635 1413 animo
651 1353 704 1413 fixi
717 1359 746 1414 et
759 1354 815 1414 rati
829 1354 964 1433 haberet,
981 1355 1077 1416 edicto
1091 1356 1202 1418 Medio·

169 1447 286 1511 lenensi
299 1449 374 1510 nihil
394 1451 431 1511 de
450 1451 594 1512 Romanae
608 1451 761 1530 religionis
784 1458 862 1513 statu
886 1453 1058 1514 mutavisse.
1084 1453 1202 1516 Scilicet

169 1547 227 1608 hoc
241 1548 347 1625 edicto,
364 1554 397 1609 ut
414 1568 506 1628 supra
529 1549 672 1627 diximus,
700 1552 788 1611 sectis
810 1551 962 1632 omnibus
988 1552 1069 1631 quod
1092 1553 1201 1632 cuique

170 1644 355 1706 collibuisset
376 1646 521 1725 sequendi
537 1652 678 1726 potestate
694 1648 770 1708 iacta
784 1694 793 1725 ,
808 1647 842 1707 in
856 1648 1026 1719 libertatem
1046 1649 1201 1711 christiani

169 1741 397 1802 vindicabantur
411 1760 417 1800 :
431 1747 460 1802 at
469 1744 553 1804 nulla
567 1743 604 1803 de
615 1744 757 1822 religione
774 1744 896 1823 antiqua
910 1745 1084 1806 movebatur
1095 1766 1196 1825 quaes-

168 1839 221 1916 tio,
239 1839 325 1918 sique
338 1840 417 1900 aucti
432 1840 568 1900 libertate
589 1840 742 1902 christiani
764 1842 890 1920 gratiam
903 1843 1048 1920 Augustis
1072 1844 1198 1922 referre,

169 1935 244 1996 nihil
261 1937 382 1997 eosdem
397 1937 434 1997 de
453 1955 485 1998 se
509 1938 588 1999 male
611 1938 760 1998 meruisse
784 1939 891 2019 pagani
914 1940 1095 2001 contendere
1117 1947 1200 2021 pote-

170 2041 248 2095 rant.
262 2033 317 2116 (1).

209 2133 363 2194 Exstincto
375 2133 523 2194 Maxentio
537 2131 617 2193 nnus
631 2135 768 2194 omnium
781 2143 934 2213 assensuS,
949 2137 1055 2198 eadem
1065 2138 1201 2200 alacritas

170 2232 274 2312 populi
288 2237 469 2311 senatusque
492 2232 634 2293 victorem
649 2233 778 2294 Romam
802 2234 962 2296 intrantem
982 2236 1114 2315 excepit3
1130 2256 1201 2298 cum

171 2347 230 2409 que
246 2327 458 2391 Constantinus
473 2330 721 2410 pretorianorum
743 2332 874 2392 militum
897 2338 994 2394 castra
1014 2334 1199 2412 dissolveret,

170 2425 335 2506 legumque
351 2434 434 2489 metu
449 2428 487 2489 ad
501 2427 653 2488 silentium
667 2430 799 2508 adigeret
819 2430 977 2509 delatores,
993 2436 1022 2492 et
1035 2433 1199 2512 plerisque,

171 2527 223 2606 qui
233 2527 375 2588 Maxentii
390 2533 488 2606 partes
503 2527 605 2587 sectati
624 2527 744 2588 fuerant
756 2546 817 2588 non
831 2529 919 2588 modo
934 2534 1079 2608 parceret,
1094 2548 1202 2590 verum

171 2627 260 2688 etiam
275 2645 325 2687 eos
341 2646 357 2686 <r
373 2628 492 2686 honore
507 2645 544 2686 oc
558 2627 699 2703 fortunis
717 2627 921 2713 manentibus
944 2633 1059 2704 teperet
1080 2629 1200 2705 recipe·

171 2734 281 2804 reique
295 2722 341 2806 (2)
357 2743 372 2784 v
388 2743 493 2785 omnes
507 2743 567 2786 una
585 2744 656 2786 voce
675 2725 805 2786 alterum
818 2724 1004 2786 Antoninum
1017 2723 1201 2804 Reipublicae

170 2825 398 2906 portendebant.

210 2923 316 2985 Romae
330 2924 543 2984 Constantinus
557 2922 684 3003 publicis
699 2923 876 3002 spectaculis
889 2919 1050 3001 consuluit,
1065 2930 1198 2985 nectan-

170 3025 237 3081 tum
250 3021 315 3101 ipse
325 3039 481 3081 sacrorum
493 3021 636 3081 ludorum
651 3039 768 3101 pompae
781 3021 916 3082 interfuit
926 3018 972 3101 (3)
990 3022 1044 3082 sed
1064 3025 1094 3082 ct
1109 3040 1124 3081 c
1140 3023 1200 3082 cir·

172 3139 244 3182 cum
276 3122 459 3182 Maximum
486 3121 693 3182 excolendum
726 3121 863 3200 mirifice
889 3126 919 3181 ct
948 3121 1055 3182 balnea
1081 3122 1201 3201 publica

172 3219 353 3280 instituenda
369 3219 493 3296 curavit,
513 3238 581 3298 quae
597 3238 658 3278 non
675 3224 760 3280 erant
775 3238 866 3299 opera
886 3219 1017 3280 hominis
1036 3220 1198 3282 christiani.

173 3317 270 3386 Simul
299 3337 315 3379 a
348 3317 438 3380 Urbis
465 3317 595 3378 Fanum
623 3323 717 3396 utque
743 3317 920 3378 Basilicum
945 3318 1052 3379 Flavii
1079 3320 1201 3380 meritis

206 3531 241 3594 (i)
258 3531 316 3582 llaec
335 3536 375 3582 est
393 3531 470 3584 etiam
489 3529 623 3580 lloshemii
641 3529 674 3581 de
688 3542 719 3580 ea
733 3543 762 3580 re
781 3531 908 3581 senmntia
928 3543 984 3595 qnae
1004 3531 1039 3582 iia
1056 3544 1084 3582 se
1104 3531 1200 3582 babet:

175 3616 318 3665 «Primum
333 3614 489 3666 Constantini
505 3627 550 3676 pro
564 3613 712 3664 ciirisiianis
730 3612 841 3664 edictum
863 3615 992 3678 milliaque
1011 3615 1059 3665 alia
1077 3619 1139 3666 satis
1153 3615 1203 3666 de·

171 3702 269 3753 clerani
283 3714 341 3756 eum
356 3700 422 3750 bene
437 3699 541 3762 quidem
555 3706 609 3748 tum
624 3698 770 3748 christianis
787 3712 928 3764 eorumque
947 3699 1161 3761 antevenisse,
1176 3705 1202 3751 at

150 3771 153 3778 ¹
172 3785 335 3835 christianam
358 3783 508 3847 religionem
527 3782 632 3833 minime
654 3795 701 3845 pro
720 3783 794 3833 unice
809 3797 869 3834 vera
889 3791 915 3840 ei
937 3784 1041 3834 salutari
1063 3784 1199 3846 baiiuisse;

172 3876 260 3920 contra
280 3868 393 3933 reliquis
412 3869 489 3918 etiam
508 3867 645 3931 religiones
664 3875 690 3917 et
708 3869 734 3917 in
753 3869 799 3924 nis,
808 3876 920 3919 veterem
936 3869 1073 3919 lloumnam
1088 3882 1162 3919 veras
1176 3875 1203 3919 et

172 3953 284 4004 humano
295 3955 385 4016 generi
398 3953 474 4004 utiles
483 3953 622 4017 judicasse,
633 3965 772 4016 omnesque
783 3953 878 4003 idcirco
889 3954 1003 4003 exerceri
1016 3953 1094 4004 iibere
1104 3955 1130 4002 in
1139 3952 1201 4003 orbe

173 4040 287 4092 Romano
301 4042 420 4091 voluisse.
438 4059 451 4086 a
468 4042 549 4104 (Hist.
565 4041 650 4090 eccles.
667 4043 870 4104 Inst.soec.,1v,
885 4053 945 4104 pars
958 4051 978 4103 1,
993 4055 1018 4104 p.
1035 4038 1104 4104 lit.)

207 4125 243 4190 rt)
260 4127 329 4175 Sext.
346 4127 445 4176 nonni.
462 4125 571 4185 vision,
587 4126 625 4175 De
641 4126 751 4182 cosor„
765 4125 809 4174 ti.

208 4211 242 4278 (5)
263 4229 275 4259 a
296 4213 347 4262 Nec
368 4211 505 4277 quidquam
529 4211 597 4261 aliud
618 4211 733 4262 bouvines
754 4211 845 4262 dicbus
865 4222 999 4260 munerum
1020 4220 1201 4273 sacrorumque

175 4296 295 4348 ludorum
306 4310 383 4360 quam
395 4296 516 4360 teipsum
530 4300 647 4360 spectare
661 4301 832 4359 potuerunt.»
848 4293 959 4361 (Peneo.
977 4295 1072 4351 teter..
1091 4304 1116 4355 p.
1130 4290 1199 4353 245.)
