3054 5046
645 564 808 625 ...87-

239 693 378 753 Litteras
388 691 534 771 primum,
546 691 662 752 animos
675 689 852 750 conciliandi
864 707 964 766 causa,
980 689 1019 750 ad
1031 690 1240 752 Alexandrum

190 788 380 870 Ariumque
407 789 526 866 direxit,
558 788 669 867 quibus
696 787 812 848 dicebat
835 806 878 865 se,
907 807 978 849 cum
1001 788 1238 851 dissensionibus

190 888 393 966 gravissimis
411 887 513 948 Africa
525 906 624 966 nuper
637 886 796 963 laboraret,
811 887 849 946 ad
858 887 1047 948 concordiam
1057 887 1135 948 inter
1148 888 1238 950 Afros

190 986 436 1064 restituendam,
447 986 594 1064 quosdam
608 1004 645 1044 ex
658 983 780 1045 Oriente
790 1003 942 1045 arcessere
952 985 1100 1060 voluisse;
1113 987 1166 1046 sed
1173 987 1238 1066 jam

190 1101 290 1143 nunc
303 1084 404 1143 videre
415 1102 447 1158 se
456 1083 511 1144 bas
523 1083 671 1161 regiones,
687 1101 725 1142 ex
737 1081 848 1160 quibus
858 1083 1018 1161 petendam
1037 1083 1103 1144 aliis
1112 1083 1238 1146 medici-

190 1197 278 1240 nam
303 1185 483 1259 speraverat,
515 1179 610 1239 multo
634 1179 748 1257 majore
771 1179 925 1240 curatione
953 1199 1052 1259 egere,
1079 1200 1111 1242 se
1136 1181 1237 1260 itaque

191 1282 321 1337 mutuae
352 1277 546 1337 dissensionis
576 1277 725 1338 arbitrum
747 1282 777 1336 et
806 1277 886 1356 pacis
915 1278 1135 1338 moderatorem
1163 1279 1237 1358 ipsis

192 1375 351 1436 exhibere
364 1394 370 1434 :
384 1375 447 1436 Sibi
461 1375 554 1436 videri
571 1377 720 1435 iu'causa
729 1393 864 1452 prorsus
885 1378 1004 1453 exigua
1018 1381 1111 1453 atque
1125 1378 1231 1453 iuaui,

192 1480 377 1553 utrumque
386 1477 485 1554 fuisse
496 1481 685 1551 occupatum
691 1493 704 1550 ,·
718 1475 847 1534 alterum
857 1475 946 1553 paulo
957 1474 1106 1535 curiosius
1119 1476 1234 1536 occulta

192 1576 294 1650 atque
306 1571 344 1632 ab
358 1573 424 1652 ipsa
437 1576 545 1632 natura
557 1572 689 1633 involuta
699 1576 869 1632 scrutatum
879 1591 945 1632 esse
955 1591 963 1646 ;
975 1573 1105 1633 alterum
1123 1573 1229 1634 incon-

194 1669 313 1730 sultius
326 1670 443 1730 inutilia
462 1689 497 1730 ac
508 1670 634 1732 tacenda
644 1670 806 1731 eliutiisse:
824 1688 880 1730 nec
898 1669 991 1730 fuisse
1004 1670 1052 1730 his
1068 1669 1234 1751 interroga·

192 1765 334 1826 tionibus
354 1785 453 1845 neque
467 1766 515 1826 his
531 1765 776 1845 responsionibus
789 1766 891 1826 locum
907 1767 1052 1846 :hujusce
1068 1767 1151 1828 modi
1165 1787 1234 1830 con-

195 1865 361 1925 troversias
375 1882 465 1924 vanas
478 1883 544 1924 esse
558 1865 722 1924 otiosorum
732 1863 920 1942 certationes
933 1865 970 1924 ad
979 1865 1092 1944 ingenii
1106 1885 1234 1928 acumen

196 1963 406 2023 exercendum
430 1962 564 2038 idoneae,
589 1981 725 2041 quasque
749 1962 782 2021 in
800 1961 957 2040 publicum
975 1963 1111 2042 prolerre
1134 1968 1164 2025 et
1184 1965 1233 2025 in-

196 2060 412 2139 tempestivum
428 2064 484 2136 est,
499 2078 555 2119 nec
565 2059 629 2119 sine
639 2059 783 2138 periculo.
797 2058 996 2139 Quapropter,
1018 2079 1089 2120 curn
1107 2066 1234 2140 uterque

197 2157 377 2236 peccaverit,
402 2158 531 2218 alterum
551 2156 637 2217 alteri
655 2157 810 2236 ignoscere
832 2156 954 2234 debere,
975 2158 1086 2237 quippe
1100 2159 1153 2238 qui
1171 2179 1231 2220 non

198 2254 320 2332 penitus
333 2254 508 2315 dissentiant
521 2272 674 2333 unamque
689 2260 718 2314 et
731 2253 870 2314 eamdem
885 2255 922 2314 de
937 2253 999 2314 Deo
1015 2259 1135 2316 teneant
1153 2274 1224 2316 sen-

197 2351 332 2412 tentiam.
351 2352 415 2412 Nec
429 2369 461 2411 se
475 2357 587 2428 tamen,
604 2354 640 2410 iu
660 2351 795 2411 levicula
809 2358 838 2412 et
851 2350 952 2411 stulta
963 2353 1136 2428 quaestione
1148 2353 1229 2415 alle·

135 2468 138 2473 ·
198 2456 326 2510 rutrum
336 2449 413 2509 uelle
427 2467 534 2526 copore
547 2455 583 2510 ut
592 2449 724 2510 alterius
739 2450 923 2525 opinionem
934 2449 1154 2524 amplectatur,
1171 2452 1226 2511 secl

199 2548 243 2607 ad
256 2547 456 2623 sepertinere
469 2565 510 2607 ue
518 2548 611 2606 cauis
627 2546 897 2624 disputationibus
905 2547 1016 2605 aucuia
1029 2547 1065 2604 iu
1075 2546 1224 2608 Ecclesia's

198 2645 395 2705 misceantur
408 2642 463 2725 (l).

236 2744 309 2804 Haec
321 2748 367 2804 est
379 2743 512 2822 epistolae
526 2762 645 2804 summa
663 2761 732 2821 quae
751 2743 832 2823 apud
845 2741 1013 2802 Eusebium
1027 2747 1057 2802 et
1070 2741 1223 2806 Socratem

196 2841 356 2902 invenitur.

235 2939 284 3000 Sic
298 2939 509 3001 Constantinus
522 2939 555 3000 in
568 2938 767 3000 ecclesiastica
779 2938 979 2998 controversia
991 2937 1096 2999 arbitri
1109 2943 1139 3000 et
1151 2959 1218 2999 mo-

97 3086 99 3090 .
195 3038 339 3098 deratoris
364 3057 524 3117 personam
550 3037 630 3097 ultro
660 3036 834 3116 usurpabat.
864 3038 947 3113 Ima,
970 3036 1053 3096 velut
1075 3036 1108 3096 in
1137 3056 1221 3098 sacro

193 3135 339 3197 auditorio
357 3135 461 3214 judex,
477 3155 544 3196 rern
559 3136 596 3194 de
610 3153 672 3213 qua
684 3133 903 3212 ambigebatur,
926 3133 1042 3193 nullius
1062 3151 1129 3193 esse
1150 3153 1218 3194 mo-

193 3234 298 3309 menti,
314 3234 443 3310 futilem,
459 3252 516 3294 nec
536 3233 572 3293 ad
588 3233 741 3311 religionis
758 3232 900 3293 interiora
920 3231 1121 3310 pertinentem
1135 3251 1219 3294 asse·

192 3331 331 3406 verebat3
347 3332 467 3410 utrique
480 3330 568 3410 parti,
585 3349 652 3409 quae
667 3329 704 3390 de
714 3349 748 3390 ea
763 3349 796 3390 re
810 3329 910 3406 vellet,
931 3330 1043 3389 sentire
1059 3329 1216 3408 permitte·
1248 3342 1249 3345 ’

192 3428 252 3505 bat,
275 3435 305 3488 et
327 3429 365 3489 ad
388 3428 576 3490 concordiam
597 3446 690 3506 quam
714 3427 855 3488 citissime
879 3425 1095 3487 conciliandam
1115 3427 1221 3488 ambos

191 3526 376 3588 hortabatur.
898 3589 899 3592 ,

230 3622 294 3684 Nec
303 3642 353 3684 res
362 3630 463 3684 tamen
477 3642 515 3684 ex
533 3622 683 3702 proposito
698 3622 798 3698 cessit,
816 3619 972 3682 necOsius
983 3620 1131 3681 Cordubae
1141 3621 1219 3700 epis-

190 3744 294 3805 copus,
320 3725 357 3786 ab
377 3727 557 3806 imperatore
573 3726 610 3786 ad
629 3725 795 3785 sedandum
815 3724 982 3784 tumultuin
999 3723 1212 3786 Alexandriam

190 3823 302 3883 missus
326 3824 484 3884 concitatos
508 3823 623 3884 animos
645 3840 835 3902 compescere
862 3821 966 3901 potuit.
990 3820 1083 3880 Arius
1104 3820 1141 3881 ab
1164 3821 1216 3880 illo

190 3919 378 4000 imperatoris
398 3919 572 3980 administro
593 3921 752 3982 damnatus
766 3920 803 3980 ad
818 3919 1047 3980 Constantinum
1060 3918 1216 3998 scripsisse

190 4017 318 4095 videtur,
335 4019 422 4079 modo
438 4017 598 4095 submisse,
614 4020 713 4098 utqui
728 4020 794 4098 ejus
808 4017 955 4078 auxilium
965 4021 1068 4078 contra
1081 4017 1217 4077 adversa-

190 4116 250 4177 rios
262 4117 447 4196 imploraret,
461 4115 548 4176 modo
559 4120 744 4194 arroganter,
755 4120 888 4194 utquam
897 4118 958 4226 pota
967 4113 1060 4192 Libya
1071 4117 1101 4174 et
1110 4112 1216 4192 ingens

222 4328 257 4397 [1)
277 4329 379 4393 Ensis,
401 4331 451 4385 Vll.
469 4332 571 4388 coust,
586 4339 614 4388 n,
629 4327 671 4378 65.
689 4353 718 4364 ··
733 4328 857 4387 manin,
870 4327 943 4378 litat.
959 4327 1058 4385 accus,
1073 4337 1092 4385 1,
1107 4324 1133 4375 l.
