3054 5046
735 523 878 586 ..3-

294 660 422 724 Caesaris
441 659 554 723 Galerii
572 659 648 722 dolis
665 657 722 742 (l),
747 675 847 721 sacros
868 657 1099 720 christianorum
1120 655 1214 718 libros
1237 676 1321 718 com-

293 760 375 838 buri,
398 759 548 821 Ecclesiae
570 758 715 837 exscindi,
744 764 774 820 et
795 757 870 820 citra
889 761 1020 818 mortem
1042 755 1144 836 puniri
1163 755 1325 836 vexarique

294 857 483 934 christianos,
506 855 615 918 deinde
636 855 702 936 ipsa
727 860 825 916 morte
849 854 1000 935 proposita
1028 859 1058 915 et
1082 853 1325 934 exquisitissimis

294 955 451 1036 suppliciis
465 956 503 1018 ad
517 954 707 1016 sacrificiaet
720 956 758 1030 ad
772 959 916 1032 veterem,
932 958 967 1014 ut
979 952 1108 1030 aiebant,
1125 951 1323 1032 disciplinam,

295 1054 361 1134 cogi
366 1055 457 1133 jussit
466 1052 522 1136 (2)
533 1045 682 1115 Humanae
693 1054 775 1115 enim
784 1051 1011 1114 consuetudinis
1020 1050 1152 1131 peritum
1159 1050 1326 1131 principem

294 1172 355 1213 non
369 1153 490 1218 fallebat
503 1153 673 1213 adolescere
685 1157 715 1213 et
728 1151 832 1232 augeri
844 1150 931 1212 istius
946 1141 1065 1230 generis
1075 1153 1182 1226 coetae,
1195 1149 1270 1209 dum
1280 1168 1326 1211 re-

294 1250 480 1331 primuntur,
494 1249 556 1310 labi
570 1255 674 1310 contra
685 1249 867 1330 plerumque
889 1253 919 1310 et
941 1267 995 1328 per
1016 1266 1049 1309 se
1073 1246 1186 1308 sensim
1205 1247 1323 1308 exoles-

295 1365 363 1408 cere
378 1347 453 1408 dum
466 1348 660 1427 negliguntur
673 1347 748 1409 etin
761 1351 934 1427 contemptu
951 1345 1119 1421 habentur;
1138 1350 1178 1422 et,
1194 1345 1276 1425 quod
1289 1345 1327 1406 ad

294 1443 472 1504 christianos
498 1443 612 1521 attinet,
637 1444 736 1504 solere
760 1462 810 1504 eos
836 1445 920 1504 mori
949 1443 1091 1518 libenter,
1117 1462 1178 1503 non
1204 1443 1324 1522 ignora·
1386 1433 1388 1436 ’

295 1542 347 1603 bat
359 1539 415 1624 (3).
430 1542 585 1603 Incertum
598 1541 690 1622 igitur
704 1541 777 1622 quid
791 1560 841 1602 res
856 1542 1021 1622 postularet
1034 1545 1064 1602 et
1076 1542 1225 1602 fluctuans
1239 1541 1324 1620 inge-

218 1630 219 1633 *
296 1640 394 1718 nium,
410 1641 494 1701 ferus
509 1645 539 1702 et
553 1640 778 1720 superstitiosus
792 1641 909 1702 exacuit
923 1640 1074 1717 Galerim,
1090 1659 1161 1700 cum
1179 1640 1328 1722 haesitanti

297 1738 393 1800 vivide
407 1739 559 1818 objiceret,
572 1739 610 1799 ad
624 1758 697 1800 cum
705 1740 770 1818 jam
783 1758 950 1800 numerum
959 1738 1089 1800 crevisse
1102 1738 1279 1799 christianos
1295 1744 1329 1798 ut

296 1835 329 1897 in
341 1838 508 1918 Republica
521 1856 631 1917 corpus
642 1838 727 1899 civile
742 1842 912 1900 constarent
927 1838 1114 1898 hominuma
1127 1837 1252 1898 civitatis
1262 1837 1325 1898 Ro-

296 1955 394 1997 manae
405 1935 541 1996 morihus
555 1940 585 1996 et
594 1935 738 1996 institutis
750 1936 929 2015 alienorum,
946 1936 1021 1998 nihil
1031 1935 1114 1996 aliud
1127 1953 1219 2015 quarn
1233 1954 1329 1996 sacro-

298 2041 407 2096 sanctae
421 2036 573 2116 majorum
589 2034 752 2116 disciplinae
773 2041 980 2117 contemptum
994 2035 1212 2116 profitentium,
1226 2053 1329 2096 novas-

193 2157 195 2161 ’
298 2153 358 2214 que
371 2152 432 2211 res,
441 2134 505 2214 jam
515 2153 576 2193 non
590 2134 690 2194 surdis
703 2133 855 2214 precibuS,
868 2135 921 2196 sed
931 2135 1031 2215 palam
1044 2140 1074 2195 et
1082 2133 1157 2195 votis
1166 2134 1328 2195 audacibus

298 2237 328 2293 et
347 2231 379 2291 in
399 2232 536 2293 medium
556 2231 679 2312 prolatis
697 2232 965 2313 prosequentium:
988 2231 1118 2312 denique
1135 2232 1200 2312 jam
1209 2237 1329 2313 tempus

299 2349 364 2393 esse
378 2350 439 2410 quo
454 2350 562 2392 novam
574 2332 653 2391 hanc
666 2336 696 2392 et
709 2330 891 2392 exitiabilem
910 2330 1157 2410 conjurationem,
1173 2330 1327 2410 Augusto-

300 2451 371 2492 rum
394 2431 524 2493 salubris
543 2431 729 2511 providentia
746 2436 902 2509 everteret,
918 2430 967 2491 cui
984 2429 1043 2490 nisi
1060 2430 1178 2492 obviam
1190 2431 1280 2509 irent,
1298 2431 1330 2492 in

300 2530 463 2592 discrimen
477 2531 594 2591 dudum
607 2531 767 2592 adductam
780 2531 859 2592 Rem
875 2531 1044 2592 Romanam
1056 2530 1209 2617 perditum
1221 2530 1259 2590 iri
1272 2529 1327 2612 (d).

300 2628 356 2688 His
375 2632 406 2689 et
428 2627 539 2689 talibus
561 2627 739 2706 rationibus,
764 2628 796 2688 in
819 2627 931 2708 quibus
960 2646 1032 2688 vera
1055 2627 1184 2707 fictaque
1206 2628 1330 2688 solerter

301 2725 516 2804 miscebantur,
537 2725 675 2806 quamvis
692 2725 891 2787 reluctantem
905 2744 1010 2786 senem
1030 2724 1063 2785 in
1080 2725 1253 2786 violentiam
1266 2726 1327 2786 Ga-

298 2824 394 2886 lenius
406 2824 507 2887 traxit.
723 2829 725 2834 ’

338 2921 408 2982 Non
421 2939 520 3003 operae
534 2921 667 3002 pretium
680 2926 726 2982 est
742 2938 980 2983 commemorare
994 2925 1106 3000 quanta
1118 2919 1210 2982 fuerit
1223 2919 1328 2982 Chris·
1346 2929 1347 2933 ’

333 3155 368 3222 (i)
389 3174 400 3208 ι
420 3159 452 3212 Ut
466 3158 651 3211 Diocletianum
664 3159 697 3212 ad
714 3161 872 3225 propositum
886 3158 1070 3211 crudelissimae
1083 3160 1270 3228 persecutionis
1283 3159 1331 3210 im·

224 3290 227 3294 .
299 3244 408 3309 pelleret
423 3244 533 3296 annuitis
552 3245 678 3297 ministris
692 3245 785 3310 palatio
799 3245 911 3312 subjecit
928 3243 1084 3299 incendium.
1100 3261 1111 3294 a
1128 3245 1279 3314 (blerana,
1294 3248 1332 3298 De

304 3333 387 3382 mort.
398 3320 542 3394 persecat,
556 3329 598 3379 cb.
616 3329 667 3390 iti
1163 3333 1168 3338 ·

335 3411 370 3481 (i)
390 3413 440 3464 lios
454 3427 586 3478 poenarum
600 3411 696 3479 gradis
708 3411 788 3464 inisse
802 3425 834 3463 ex
848 3412 940 3465 edictis
954 3421 1069 3479 apparet.
1084 3413 1174 3466 Odium
1189 3415 1277 3482 iraque
1289 3413 1333 3465 do-

301 3499 430 3550 minorum
446 3511 477 3550 eo
497 3499 600 3564 gravius
614 3498 818 3550 incendebantur
837 3511 889 3564 quo
908 3501 1065 3552 constantior
1081 3499 1237 3568 liberiorque
1250 3499 1333 3551 chris-

302 3585 429 3636 tianornm
444 3585 606 3636 contumacia
617 3584 761 3635 videbatur.

333 3669 370 3734 (5)
390 3685 402 3717 ι
421 3669 477 3732 ipsa
492 3675 552 3720 sunt
566 3683 599 3722 ex
612 3670 745 3722 Lactantio
759 3665 808 3735 (lic
820 3672 901 3721 mort.
915 3674 1057 3734 persecat..
1070 3669 1112 3722 cb.
1129 3669 1170 3732 ll)
1185 3669 1333 3722 Diocletiani

302 3751 391 3814 rerba,
407 3757 434 3803 et
447 3748 515 3804 idern
529 3753 639 3816 scriptor
659 3753 727 3804 haud
744 3753 826 3804 semel
839 3752 954 3806 declarat
968 3753 1036 3806 bunc
1049 3757 1191 3820 angustum
1204 3754 1249 3806 din
1265 3768 1334 3819 pre-

302 3836 373 3900 cipiti
387 3836 482 3892 Galerii
496 3837 577 3890 iurari
588 3851 754 3903 repugnasse.
770 3837 927 3890 Ostendebat
940 3853 1017 3904 quam
1031 3839 1203 3904 perniciosum
1213 3845 1284 3892 esset
1297 3840 1335 3892 in·

302 3921 411 3988 quietari
425 3923 515 3976 orbem
533 3929 618 3987 terra,
637 3923 710 3975 inndi
724 3923 875 3989 sanguinem
890 3925 1039 3977 multorum.
1055 3941 1066 3972 r
1087 3923 1240 3992 (Lanatum,
1254 3927 1334 3984 itit.)

281 4033 282 4040 κ
336 4007 371 4072 tl)
389 4006 449 4072 llas,
465 4013 493 4060 ut
507 4008 569 4060 mibi
582 4009 685 4074 qnidam
699 4009 809 4072 ridetur,
824 4010 946 4072 rationes,
961 4016 988 4062 et
997 4010 1139 4074 presertim
1154 4011 1270 4062 utilitatis
1284 4026 1335 4075 pu-

302 4090 377 4144 blicae
390 4094 504 4157 speciem
519 4094 708 4158 pretenderunt
721 4094 851 4146 christiani
870 4095 982 4148 nominis
1001 4108 1100 4156 osores,
1119 4096 1145 4145 in
1159 4095 1205 4146 iilo
1219 4094 1289 4160 quod
1301 4094 1334 4146 de
1397 4082 1399 4086 ’

301 4177 448 4230 christianis
465 4179 573 4231 concilio
590 4179 743 4232 Nicomediae
763 4180 841 4242 sedit,
861 4185 890 4232 ut
907 4185 1017 4234 testatur
1031 4179 1176 4234 Lactantius
1189 4178 1237 4239 ilie
1251 4184 1333 4234 mort.

299 4267 443 4328 parerat,
458 4264 500 4316 ch.
516 4265 567 4322 tii.
